,date,stock_id,deal_price,volume,Time,TickType
0,2021-03-19,1447,9.8,5,08:30:31.664,1
1,2021-03-19,1447,9.8,5,08:30:36.684,1
2,2021-03-19,1447,9.76,25,08:30:41.704,1
3,2021-03-19,1447,9.76,25,08:30:46.723,1
4,2021-03-19,1447,9.76,25,08:31:06.796,1
5,2021-03-19,1447,9.76,25,08:31:11.814,1
6,2021-03-19,1447,9.76,25,08:31:16.834,1
7,2021-03-19,1447,9.76,26,08:31:26.871,1
8,2021-03-19,1447,9.76,26,08:31:31.890,1
9,2021-03-19,1447,9.76,29,08:31:36.910,1
10,2021-03-19,1447,9.76,29,08:31:41.930,1
11,2021-03-19,1447,9.77,34,08:31:46.949,1
12,2021-03-19,1447,9.77,34,08:32:07.023,1
13,2021-03-19,1447,9.77,34,08:32:12.041,1
14,2021-03-19,1447,9.77,34,08:32:27.087,1
15,2021-03-19,1447,9.77,34,08:32:37.447,1
16,2021-03-19,1447,9.76,43,08:33:07.871,1
17,2021-03-19,1447,9.76,46,08:33:12.883,1
18,2021-03-19,1447,9.76,46,08:33:22.907,1
19,2021-03-19,1447,9.76,47,08:33:32.933,1
20,2021-03-19,1447,9.76,71,08:33:37.947,1
21,2021-03-19,1447,9.76,71,08:33:52.987,1
22,2021-03-19,1447,9.76,71,08:37:53.802,1
23,2021-03-19,1447,10.0,511,08:38:18.910,1
24,2021-03-19,1447,10.1,831,08:38:38.992,1
25,2021-03-19,1447,10.1,831,08:38:49.027,1
26,2021-03-19,1447,10.1,831,08:38:54.045,1
27,2021-03-19,1447,10.1,831,08:38:59.062,1
28,2021-03-19,1447,10.1,831,08:39:04.080,1
29,2021-03-19,1447,10.1,831,08:39:09.099,1
30,2021-03-19,1447,10.1,831,08:39:24.155,1
31,2021-03-19,1447,10.1,831,08:39:34.191,1
32,2021-03-19,1447,10.1,831,08:39:39.211,1
33,2021-03-19,1447,10.1,831,08:39:44.232,1
34,2021-03-19,1447,10.1,831,08:39:49.250,1
35,2021-03-19,1447,10.1,831,08:39:54.266,1
36,2021-03-19,1447,10.0,511,08:40:04.303,1
37,2021-03-19,1447,10.1,879,08:40:14.342,1
38,2021-03-19,1447,10.1,879,08:40:19.361,1
39,2021-03-19,1447,10.1,879,08:40:24.380,1
40,2021-03-19,1447,10.1,879,08:40:34.419,1
41,2021-03-19,1447,10.1,872,08:40:39.438,1
42,2021-03-19,1447,10.1,872,08:40:44.458,1
43,2021-03-19,1447,10.1,872,08:40:49.475,1
44,2021-03-19,1447,10.1,872,08:40:54.494,1
45,2021-03-19,1447,10.1,872,08:41:04.530,1
46,2021-03-19,1447,10.1,872,08:41:09.546,1
47,2021-03-19,1447,10.1,872,08:41:14.564,1
48,2021-03-19,1447,10.1,872,08:41:19.584,1
49,2021-03-19,1447,10.1,872,08:41:24.602,1
50,2021-03-19,1447,10.1,872,08:41:29.624,1
51,2021-03-19,1447,10.1,872,08:41:39.663,1
52,2021-03-19,1447,10.1,872,08:41:54.723,1
53,2021-03-19,1447,10.1,872,08:41:59.742,1
54,2021-03-19,1447,10.1,872,08:42:04.762,1
55,2021-03-19,1447,10.1,872,08:42:14.798,1
56,2021-03-19,1447,10.1,872,08:42:24.837,1
57,2021-03-19,1447,10.1,872,08:42:35.199,1
58,2021-03-19,1447,10.1,872,08:42:40.389,1
59,2021-03-19,1447,10.1,872,08:42:55.592,1
60,2021-03-19,1447,10.1,872,08:43:00.600,1
61,2021-03-19,1447,10.1,872,08:43:15.628,1
62,2021-03-19,1447,10.1,872,08:43:20.642,1
63,2021-03-19,1447,10.1,872,08:43:25.655,1
64,2021-03-19,1447,10.1,872,08:43:30.667,1
65,2021-03-19,1447,10.1,872,08:43:35.679,1
66,2021-03-19,1447,10.1,872,08:43:40.691,1
67,2021-03-19,1447,10.1,872,08:43:45.703,1
68,2021-03-19,1447,10.1,872,08:43:50.719,1
69,2021-03-19,1447,10.1,872,08:44:20.795,1
70,2021-03-19,1447,10.1,872,08:44:45.864,1
71,2021-03-19,1447,10.1,872,08:44:50.879,1
72,2021-03-19,1447,10.1,872,08:44:55.893,1
73,2021-03-19,1447,10.1,872,08:45:10.934,1
74,2021-03-19,1447,10.1,872,08:45:30.987,1
75,2021-03-19,1447,10.1,872,08:45:41.016,1
76,2021-03-19,1447,10.1,872,08:45:46.031,1
77,2021-03-19,1447,10.1,872,08:45:51.045,1
78,2021-03-19,1447,10.1,872,08:45:56.058,1
79,2021-03-19,1447,10.1,872,08:46:01.073,1
80,2021-03-19,1447,10.1,872,08:46:06.086,1
81,2021-03-19,1447,10.1,872,08:46:16.112,1
82,2021-03-19,1447,10.1,872,08:46:21.127,1
83,2021-03-19,1447,10.1,872,08:46:31.154,1
84,2021-03-19,1447,10.1,872,08:46:36.168,1
85,2021-03-19,1447,10.1,872,08:46:41.182,1
86,2021-03-19,1447,10.1,872,08:46:51.211,1
87,2021-03-19,1447,10.1,872,08:46:56.226,1
88,2021-03-19,1447,10.1,872,08:47:01.238,1
89,2021-03-19,1447,10.1,872,08:47:11.267,1
90,2021-03-19,1447,10.1,872,08:47:16.282,1
91,2021-03-19,1447,10.1,872,08:47:21.296,1
92,2021-03-19,1447,10.1,872,08:47:26.314,1
93,2021-03-19,1447,10.1,872,08:47:36.425,1
94,2021-03-19,1447,10.1,872,08:47:46.500,1
95,2021-03-19,1447,10.1,872,08:47:51.528,1
96,2021-03-19,1447,10.1,867,08:48:01.576,1
97,2021-03-19,1447,10.1,867,08:48:06.599,1
98,2021-03-19,1447,10.1,867,08:48:11.620,1
99,2021-03-19,1447,10.1,867,08:48:21.662,1
100,2021-03-19,1447,10.1,852,08:48:26.682,1
101,2021-03-19,1447,10.1,852,08:48:31.703,1
102,2021-03-19,1447,10.1,852,08:48:36.723,1
103,2021-03-19,1447,10.1,852,08:48:46.763,1
104,2021-03-19,1447,10.1,852,08:48:56.802,1
105,2021-03-19,1447,10.1,799,08:49:01.821,1
106,2021-03-19,1447,10.1,799,08:49:16.879,1
107,2021-03-19,1447,10.1,799,08:49:31.934,1
108,2021-03-19,1447,10.05,705,08:49:41.971,1
109,2021-03-19,1447,10.05,705,08:49:52.008,1
110,2021-03-19,1447,10.05,707,08:49:57.027,1
111,2021-03-19,1447,10.05,707,08:50:02.046,1
112,2021-03-19,1447,10.05,707,08:50:12.086,1
113,2021-03-19,1447,10.05,701,08:50:17.104,1
114,2021-03-19,1447,10.05,701,08:50:22.122,1
115,2021-03-19,1447,10.05,701,08:50:27.140,1
116,2021-03-19,1447,10.05,701,08:50:32.158,1
117,2021-03-19,1447,10.05,738,08:50:37.178,1
118,2021-03-19,1447,10.05,738,08:50:42.196,1
119,2021-03-19,1447,10.0,538,08:50:47.216,1
120,2021-03-19,1447,10.0,501,08:50:52.235,1
121,2021-03-19,1447,10.0,501,08:50:57.254,1
122,2021-03-19,1447,10.1,872,08:51:02.272,1
123,2021-03-19,1447,10.1,872,08:51:07.291,1
124,2021-03-19,1447,10.1,872,08:51:17.329,1
125,2021-03-19,1447,10.1,872,08:51:22.349,1
126,2021-03-19,1447,10.1,872,08:51:27.369,1
127,2021-03-19,1447,10.1,872,08:51:32.388,1
128,2021-03-19,1447,10.1,872,08:51:37.407,1
129,2021-03-19,1447,10.1,872,08:51:42.425,1
130,2021-03-19,1447,10.1,872,08:51:47.442,1
131,2021-03-19,1447,10.05,801,08:52:02.498,1
132,2021-03-19,1447,10.05,801,08:52:07.517,1
133,2021-03-19,1447,10.0,612,08:52:12.536,1
134,2021-03-19,1447,9.99,412,08:52:17.552,1
135,2021-03-19,1447,9.99,412,08:52:22.570,1
136,2021-03-19,1447,9.95,212,08:52:27.571,1
137,2021-03-19,1447,9.9,112,08:52:32.747,1
138,2021-03-19,1447,9.81,14,08:52:37.932,1
139,2021-03-19,1447,9.8,22,08:52:53.132,1
140,2021-03-19,1447,9.8,23,08:52:58.140,1
141,2021-03-19,1447,9.8,23,08:53:13.173,1
142,2021-03-19,1447,9.8,25,08:53:23.197,1
143,2021-03-19,1447,9.8,26,08:53:28.212,1
144,2021-03-19,1447,9.8,26,08:53:38.239,1
145,2021-03-19,1447,9.8,26,08:53:48.266,1
146,2021-03-19,1447,9.8,27,08:54:18.352,1
147,2021-03-19,1447,9.8,27,08:54:23.368,1
148,2021-03-19,1447,9.8,27,08:54:33.396,1
149,2021-03-19,1447,9.81,29,08:54:43.426,1
150,2021-03-19,1447,9.81,29,08:54:53.453,1
151,2021-03-19,1447,9.81,29,08:55:08.497,1
152,2021-03-19,1447,9.82,29,08:55:13.511,1
153,2021-03-19,1447,9.83,29,08:55:18.525,1
154,2021-03-19,1447,9.83,30,08:55:23.539,1
155,2021-03-19,1447,9.84,37,08:55:28.553,1
156,2021-03-19,1447,9.85,43,08:55:33.567,1
157,2021-03-19,1447,9.86,80,08:55:38.581,1
158,2021-03-19,1447,9.87,85,08:55:53.625,1
159,2021-03-19,1447,9.88,104,08:56:03.649,1
160,2021-03-19,1447,9.9,141,08:56:08.665,1
161,2021-03-19,1447,9.91,141,08:56:18.687,1
162,2021-03-19,1447,9.92,146,08:56:23.701,1
163,2021-03-19,1447,9.92,146,08:56:28.712,1
164,2021-03-19,1447,9.93,150,08:56:33.725,1
165,2021-03-19,1447,9.94,180,08:56:38.737,1
166,2021-03-19,1447,9.94,199,08:56:43.749,1
167,2021-03-19,1447,9.95,287,08:56:48.765,1
168,2021-03-19,1447,9.95,289,08:56:53.776,1
169,2021-03-19,1447,9.96,320,08:56:58.790,1
170,2021-03-19,1447,9.97,348,08:57:03.804,1
171,2021-03-19,1447,9.97,359,08:57:08.818,1
172,2021-03-19,1447,9.97,359,08:57:13.833,1
173,2021-03-19,1447,9.97,359,08:57:18.846,1
174,2021-03-19,1447,9.98,420,08:57:23.861,1
175,2021-03-19,1447,9.98,420,08:57:28.903,1
176,2021-03-19,1447,9.98,420,08:57:33.963,1
177,2021-03-19,1447,9.98,420,08:57:39.007,1
178,2021-03-19,1447,9.98,422,08:57:44.043,1
179,2021-03-19,1447,9.98,423,08:57:49.076,1
180,2021-03-19,1447,9.98,443,08:57:54.105,1
181,2021-03-19,1447,9.98,444,08:57:59.130,1
182,2021-03-19,1447,9.98,443,08:58:04.155,1
183,2021-03-19,1447,9.97,352,08:58:09.177,1
184,2021-03-19,1447,9.94,184,08:58:14.199,1
185,2021-03-19,1447,9.94,191,08:58:19.220,1
186,2021-03-19,1447,9.84,34,08:58:24.239,1
187,2021-03-19,1447,9.84,39,08:58:29.261,1
188,2021-03-19,1447,9.84,39,08:58:44.317,1
189,2021-03-19,1447,9.84,39,08:58:49.335,1
190,2021-03-19,1447,9.81,36,08:58:54.353,1
191,2021-03-19,1447,9.81,36,08:59:04.393,1
192,2021-03-19,1447,9.8,46,08:59:19.450,1
193,2021-03-19,1447,9.8,46,08:59:24.470,1
194,2021-03-19,1447,9.8,50,08:59:29.489,1
195,2021-03-19,1447,9.8,52,08:59:39.527,1
196,2021-03-19,1447,9.8,52,08:59:49.565,1
197,2021-03-19,1447,9.8,55,08:59:54.585,1
198,2021-03-19,1447,9.8,54,08:59:59.604,1
199,2021-03-19,1447,9.8,84,09:00:06.630,1
200,2021-03-19,1447,9.78,5,09:00:23.101,2
201,2021-03-19,1447,9.77,11,09:00:29.118,2
202,2021-03-19,1447,9.76,17,09:00:29.147,2
203,2021-03-19,1447,9.75,3,09:00:30.453,2
204,2021-03-19,1447,9.75,4,09:00:57.422,1
205,2021-03-19,1447,9.75,1,09:00:58.977,0
206,2021-03-19,1447,9.76,10,09:00:59.229,1
207,2021-03-19,1447,9.75,8,09:01:05.355,2
208,2021-03-19,1447,9.75,4,09:01:08.805,1
209,2021-03-19,1447,9.75,4,09:01:14.177,0
210,2021-03-19,1447,9.75,1,09:01:28.970,0
211,2021-03-19,1447,9.76,10,09:01:29.012,1
212,2021-03-19,1447,9.76,2,09:01:45.638,1
213,2021-03-19,1447,9.76,8,09:01:47.706,2
214,2021-03-19,1447,9.77,9,09:01:47.739,1
215,2021-03-19,1447,9.79,1,09:02:45.028,1
216,2021-03-19,1447,9.8,1,09:02:46.469,1
217,2021-03-19,1447,9.79,1,09:02:47.405,2
218,2021-03-19,1447,9.79,10,09:03:13.578,2
219,2021-03-19,1447,9.8,5,09:03:14.164,1
220,2021-03-19,1447,9.79,4,09:03:20.787,2
221,2021-03-19,1447,9.79,6,09:03:22.459,2
222,2021-03-19,1447,9.79,1,09:03:22.548,0
223,2021-03-19,1447,9.8,10,09:03:25.876,1
224,2021-03-19,1447,9.8,20,09:03:25.914,0
225,2021-03-19,1447,9.8,7,09:03:44.270,2
226,2021-03-19,1447,9.8,3,09:03:44.306,0
227,2021-03-19,1447,9.8,1,09:04:09.117,2
228,2021-03-19,1447,9.8,1,09:04:09.206,0
229,2021-03-19,1447,9.79,5,09:04:34.013,2
230,2021-03-19,1447,9.78,1,09:04:50.457,2
231,2021-03-19,1447,9.78,7,09:04:50.493,0
232,2021-03-19,1447,9.79,2,09:04:53.007,1
233,2021-03-19,1447,9.77,3,09:05:14.894,2
234,2021-03-19,1447,9.77,11,09:05:14.930,0
235,2021-03-19,1447,9.75,1,09:05:41.451,2
236,2021-03-19,1447,9.76,1,09:06:19.594,1
237,2021-03-19,1447,9.79,1,09:06:19.752,1
238,2021-03-19,1447,9.78,1,09:06:41.859,2
239,2021-03-19,1447,9.79,1,09:06:48.205,1
240,2021-03-19,1447,9.78,1,09:06:49.611,2
241,2021-03-19,1447,9.78,1,09:06:57.122,2
242,2021-03-19,1447,9.78,1,09:06:57.222,2
243,2021-03-19,1447,9.78,1,09:06:58.154,2
244,2021-03-19,1447,9.78,1,09:07:06.070,2
245,2021-03-19,1447,9.78,1,09:07:15.704,2
246,2021-03-19,1447,9.79,14,09:07:31.807,1
247,2021-03-19,1447,9.79,14,09:07:45.019,2
248,2021-03-19,1447,9.79,1,09:07:45.167,2
249,2021-03-19,1447,9.75,7,09:07:51.763,2
250,2021-03-19,1447,9.75,1,09:07:55.899,2
251,2021-03-19,1447,9.78,2,09:07:59.648,1
252,2021-03-19,1447,9.76,2,09:08:10.543,2
253,2021-03-19,1447,9.76,1,09:08:26.995,1
254,2021-03-19,1447,9.76,1,09:08:27.959,1
255,2021-03-19,1447,9.75,10,09:08:28.923,2
256,2021-03-19,1447,9.76,1,09:09:15.624,1
257,2021-03-19,1447,9.76,1,09:09:43.242,2
258,2021-03-19,1447,9.76,2,09:09:49.424,0
259,2021-03-19,1447,9.76,8,09:09:58.351,2
260,2021-03-19,1447,9.76,2,09:10:29.415,0
261,2021-03-19,1447,9.76,1,09:10:57.790,1
262,2021-03-19,1447,9.76,1,09:11:06.899,1
263,2021-03-19,1447,9.76,1,09:11:09.076,1
264,2021-03-19,1447,9.76,2,09:11:10.416,1
265,2021-03-19,1447,9.76,5,09:11:17.637,1
266,2021-03-19,1447,9.75,10,09:11:32.190,2
267,2021-03-19,1447,9.75,10,09:11:42.735,2
268,2021-03-19,1447,9.75,10,09:11:51.696,2
269,2021-03-19,1447,9.75,11,09:11:51.716,1
270,2021-03-19,1447,9.74,1,09:11:51.801,2
271,2021-03-19,1447,9.75,1,09:11:51.846,1
272,2021-03-19,1447,9.74,3,09:12:08.589,2
273,2021-03-19,1447,9.75,1,09:12:08.989,1
274,2021-03-19,1447,9.75,1,09:12:27.772,1
275,2021-03-19,1447,9.75,2,09:12:30.257,1
276,2021-03-19,1447,9.75,8,09:12:44.495,2
277,2021-03-19,1447,9.75,1,09:13:00.073,2
278,2021-03-19,1447,9.75,1,09:13:26.134,2
279,2021-03-19,1447,9.76,1,09:13:28.775,1
280,2021-03-19,1447,9.75,10,09:13:29.605,2
281,2021-03-19,1447,9.74,3,09:13:35.928,2
282,2021-03-19,1447,9.74,3,09:13:36.160,2
283,2021-03-19,1447,9.74,1,09:13:36.298,2
284,2021-03-19,1447,9.74,10,09:13:58.843,2
285,2021-03-19,1447,9.74,1,09:14:13.531,2
286,2021-03-19,1447,9.74,1,09:14:17.141,1
287,2021-03-19,1447,9.74,1,09:14:19.951,1
288,2021-03-19,1447,9.74,3,09:14:22.067,1
289,2021-03-19,1447,9.73,2,09:14:34.730,2
290,2021-03-19,1447,9.73,10,09:14:44.759,2
291,2021-03-19,1447,9.73,1,09:14:47.958,2
292,2021-03-19,1447,9.73,6,09:14:50.551,2
293,2021-03-19,1447,9.73,4,09:14:51.778,2
294,2021-03-19,1447,9.73,4,09:14:57.214,2
295,2021-03-19,1447,9.73,1,09:14:57.671,2
296,2021-03-19,1447,9.73,6,09:15:49.481,2
297,2021-03-19,1447,9.73,1,09:15:49.863,2
298,2021-03-19,1447,9.74,2,09:15:53.741,1
299,2021-03-19,1447,9.74,10,09:16:00.306,1
300,2021-03-19,1447,9.74,2,09:16:18.991,1
301,2021-03-19,1447,9.73,1,09:16:21.005,2
302,2021-03-19,1447,9.74,14,09:16:21.660,1
303,2021-03-19,1447,9.73,6,09:16:27.666,2
304,2021-03-19,1447,9.73,4,09:16:45.293,2
305,2021-03-19,1447,9.73,1,09:16:51.618,2
306,2021-03-19,1447,9.73,5,09:16:53.038,2
307,2021-03-19,1447,9.73,6,09:16:53.063,0
308,2021-03-19,1447,9.73,1,09:17:01.043,2
309,2021-03-19,1447,9.73,1,09:17:01.138,2
310,2021-03-19,1447,9.73,11,09:17:22.209,1
311,2021-03-19,1447,9.73,10,09:17:34.907,0
312,2021-03-19,1447,9.73,1,09:17:49.299,2
313,2021-03-19,1447,9.73,4,09:18:13.376,1
314,2021-03-19,1447,9.73,1,09:18:14.743,1
315,2021-03-19,1447,9.72,1,09:18:24.282,2
316,2021-03-19,1447,9.72,4,09:18:43.926,2
317,2021-03-19,1447,9.73,1,09:18:44.785,1
318,2021-03-19,1447,9.72,5,09:18:48.379,2
319,2021-03-19,1447,9.72,10,09:18:49.011,2
320,2021-03-19,1447,9.72,1,09:18:50.020,2
321,2021-03-19,1447,9.72,2,09:19:05.921,2
322,2021-03-19,1447,9.73,5,09:19:18.719,1
323,2021-03-19,1447,9.72,2,09:19:25.014,2
324,2021-03-19,1447,9.72,4,09:19:38.328,2
325,2021-03-19,1447,9.73,1,09:19:53.832,1
326,2021-03-19,1447,9.74,27,09:20:04.120,1
327,2021-03-19,1447,9.74,1,09:20:33.339,2
328,2021-03-19,1447,9.74,1,09:20:47.240,2
329,2021-03-19,1447,9.74,4,09:21:09.067,2
330,2021-03-19,1447,9.74,1,09:21:09.355,0
331,2021-03-19,1447,9.75,1,09:21:56.489,1
332,2021-03-19,1447,9.74,3,09:21:56.797,2
333,2021-03-19,1447,9.74,1,09:22:16.031,2
334,2021-03-19,1447,9.74,1,09:22:16.524,2
335,2021-03-19,1447,9.74,1,09:22:21.637,2
336,2021-03-19,1447,9.7,160,09:22:28.571,2
337,2021-03-19,1447,9.69,2,09:22:28.675,2
338,2021-03-19,1447,9.69,3,09:22:29.268,2
339,2021-03-19,1447,9.69,3,09:22:31.475,2
340,2021-03-19,1447,9.69,6,09:22:31.505,0
341,2021-03-19,1447,9.68,1,09:22:32.425,2
342,2021-03-19,1447,9.7,3,09:22:35.943,1
343,2021-03-19,1447,9.69,10,09:22:39.187,2
344,2021-03-19,1447,9.69,1,09:22:44.271,1
345,2021-03-19,1447,9.69,2,09:22:46.011,0
346,2021-03-19,1447,9.69,1,09:22:47.553,2
347,2021-03-19,1447,9.69,1,09:22:51.471,0
348,2021-03-19,1447,9.69,1,09:22:54.930,2
349,2021-03-19,1447,9.69,3,09:22:55.172,2
350,2021-03-19,1447,9.69,3,09:23:02.068,2
351,2021-03-19,1447,9.69,2,09:23:12.562,2
352,2021-03-19,1447,9.7,2,09:23:28.223,1
353,2021-03-19,1447,9.7,2,09:23:40.007,1
354,2021-03-19,1447,9.69,1,09:23:40.409,2
355,2021-03-19,1447,9.7,1,09:23:45.532,1
356,2021-03-19,1447,9.7,2,09:23:53.115,1
357,2021-03-19,1447,9.7,31,09:23:53.156,0
358,2021-03-19,1447,9.7,2,09:23:55.713,2
359,2021-03-19,1447,9.7,1,09:23:55.746,0
360,2021-03-19,1447,9.7,1,09:24:01.676,2
361,2021-03-19,1447,9.7,1,09:24:06.497,2
362,2021-03-19,1447,9.72,1,09:24:11.024,1
363,2021-03-19,1447,9.74,1,09:24:16.119,1
364,2021-03-19,1447,9.74,1,09:24:21.217,1
365,2021-03-19,1447,9.72,1,09:24:26.315,2
366,2021-03-19,1447,9.74,1,09:24:31.412,1
367,2021-03-19,1447,9.74,1,09:24:36.508,1
368,2021-03-19,1447,9.74,2,09:24:38.383,1
369,2021-03-19,1447,9.75,1,09:24:41.606,1
370,2021-03-19,1447,9.75,1,09:24:46.704,1
371,2021-03-19,1447,9.75,1,09:24:51.801,1
372,2021-03-19,1447,9.75,1,09:24:56.800,1
373,2021-03-19,1447,9.71,1,09:25:00.418,2
374,2021-03-19,1447,9.75,1,09:25:01.896,1
375,2021-03-19,1447,9.75,1,09:25:06.997,1
376,2021-03-19,1447,9.75,1,09:25:12.091,1
377,2021-03-19,1447,9.75,1,09:25:17.190,1
378,2021-03-19,1447,9.75,6,09:25:20.246,1
379,2021-03-19,1447,9.75,1,09:25:25.385,1
380,2021-03-19,1447,9.75,1,09:25:30.382,1
381,2021-03-19,1447,9.75,1,09:25:35.479,1
382,2021-03-19,1447,9.74,1,09:25:40.478,2
383,2021-03-19,1447,9.73,2,09:26:02.025,2
384,2021-03-19,1447,9.73,3,09:26:13.915,1
385,2021-03-19,1447,9.73,2,09:26:27.214,1
386,2021-03-19,1447,9.74,6,09:26:36.479,1
387,2021-03-19,1447,9.74,2,09:26:37.654,2
388,2021-03-19,1447,9.74,1,09:26:40.228,0
389,2021-03-19,1447,9.73,2,09:26:48.542,2
390,2021-03-19,1447,9.73,2,09:27:04.962,0
391,2021-03-19,1447,9.72,2,09:27:05.476,2
392,2021-03-19,1447,9.72,2,09:27:05.516,2
393,2021-03-19,1447,9.73,3,09:27:13.557,1
394,2021-03-19,1447,9.72,1,09:28:01.245,2
395,2021-03-19,1447,9.73,1,09:28:02.088,1
396,2021-03-19,1447,9.7,13,09:29:03.534,2
397,2021-03-19,1447,9.7,47,09:29:08.636,2
398,2021-03-19,1447,9.71,1,09:30:22.061,1
399,2021-03-19,1447,9.7,20,09:30:50.176,2
400,2021-03-19,1447,9.7,2,09:31:14.992,2
401,2021-03-19,1447,9.7,1,09:31:25.627,2
402,2021-03-19,1447,9.7,1,09:31:38.018,2
403,2021-03-19,1447,9.71,10,09:32:00.847,1
404,2021-03-19,1447,9.69,6,09:32:03.753,2
405,2021-03-19,1447,9.7,5,09:32:08.470,1
406,2021-03-19,1447,9.7,5,09:32:08.509,0
407,2021-03-19,1447,9.7,1,09:32:43.211,2
408,2021-03-19,1447,9.7,2,09:32:50.241,2
409,2021-03-19,1447,9.7,2,09:33:06.101,1
410,2021-03-19,1447,9.7,8,09:33:06.132,0
411,2021-03-19,1447,9.7,10,09:33:14.657,0
412,2021-03-19,1447,9.7,2,09:33:14.703,2
413,2021-03-19,1447,9.7,2,09:33:41.088,1
414,2021-03-19,1447,9.7,2,09:33:44.414,1
415,2021-03-19,1447,9.7,3,09:33:44.438,0
416,2021-03-19,1447,9.72,2,09:34:37.071,1
417,2021-03-19,1447,9.71,1,09:35:01.526,2
418,2021-03-19,1447,9.72,2,09:35:08.451,1
419,2021-03-19,1447,9.71,2,09:35:23.950,2
420,2021-03-19,1447,9.7,22,09:35:48.305,2
421,2021-03-19,1447,9.69,2,09:36:20.324,2
422,2021-03-19,1447,9.69,9,09:36:29.980,2
423,2021-03-19,1447,9.7,10,09:36:52.917,1
424,2021-03-19,1447,9.7,66,09:36:52.936,1
425,2021-03-19,1447,9.7,30,09:36:52.957,1
426,2021-03-19,1447,9.7,1,09:37:04.427,1
427,2021-03-19,1447,9.7,2,09:37:16.463,1
428,2021-03-19,1447,9.7,19,09:37:25.067,1
429,2021-03-19,1447,9.7,3,09:37:29.052,1
430,2021-03-19,1447,9.7,2,09:37:37.238,1
431,2021-03-19,1447,9.7,1,09:37:38.280,1
432,2021-03-19,1447,9.7,10,09:37:46.631,1
433,2021-03-19,1447,9.7,13,09:37:46.653,1
434,2021-03-19,1447,9.7,1,09:37:46.654,0
435,2021-03-19,1447,9.71,10,09:37:47.962,1
436,2021-03-19,1447,9.71,1,09:38:01.810,1
437,2021-03-19,1447,9.71,1,09:38:20.042,1
438,2021-03-19,1447,9.71,1,09:38:28.115,1
439,2021-03-19,1447,9.71,1,09:38:35.310,1
440,2021-03-19,1447,9.71,1,09:38:35.363,1
441,2021-03-19,1447,9.71,1,09:38:39.193,0
442,2021-03-19,1447,9.72,7,09:39:07.616,1
443,2021-03-19,1447,9.71,2,09:39:08.760,2
444,2021-03-19,1447,9.7,37,09:39:26.463,2
445,2021-03-19,1447,9.69,1,09:39:48.292,2
446,2021-03-19,1447,9.69,1,09:39:51.526,2
447,2021-03-19,1447,9.69,5,09:39:52.229,2
448,2021-03-19,1447,9.69,12,09:40:30.097,2
449,2021-03-19,1447,9.7,1,09:41:18.170,1
450,2021-03-19,1447,9.7,10,09:42:36.916,1
451,2021-03-19,1447,9.7,10,09:42:49.525,1
452,2021-03-19,1447,9.7,5,09:42:49.558,1
453,2021-03-19,1447,9.7,33,09:42:49.586,1
454,2021-03-19,1447,9.7,96,09:42:49.618,0
455,2021-03-19,1447,9.69,16,09:42:54.880,2
456,2021-03-19,1447,9.7,1,09:44:06.075,1
457,2021-03-19,1447,9.7,1,09:44:19.673,2
458,2021-03-19,1447,9.71,2,09:45:04.625,1
459,2021-03-19,1447,9.71,10,09:45:13.724,1
460,2021-03-19,1447,9.71,11,09:45:13.760,0
461,2021-03-19,1447,9.73,2,09:45:30.814,1
462,2021-03-19,1447,9.73,1,09:45:42.314,1
463,2021-03-19,1447,9.72,5,09:46:45.420,2
464,2021-03-19,1447,9.72,5,09:47:23.897,2
465,2021-03-19,1447,9.73,1,09:47:55.145,1
466,2021-03-19,1447,9.72,6,09:49:13.111,2
467,2021-03-19,1447,9.72,2,09:49:47.018,2
468,2021-03-19,1447,9.72,2,09:50:49.863,0
469,2021-03-19,1447,9.73,5,09:50:56.270,1
470,2021-03-19,1447,9.73,10,09:50:56.290,0
471,2021-03-19,1447,9.74,1,09:52:43.277,1
472,2021-03-19,1447,9.73,1,09:53:09.660,2
473,2021-03-19,1447,9.73,6,09:53:09.695,0
474,2021-03-19,1447,9.75,3,09:53:14.550,1
475,2021-03-19,1447,9.74,2,09:54:44.964,2
476,2021-03-19,1447,9.72,1,09:55:16.824,2
477,2021-03-19,1447,9.72,1,09:55:29.385,2
478,2021-03-19,1447,9.73,2,09:58:49.195,1
479,2021-03-19,1447,9.73,10,09:59:53.435,2
480,2021-03-19,1447,9.73,2,10:00:16.133,2
481,2021-03-19,1447,9.73,2,10:00:16.253,2
482,2021-03-19,1447,9.73,15,10:00:21.578,0
483,2021-03-19,1447,9.74,1,10:01:26.126,1
484,2021-03-19,1447,9.73,7,10:02:00.552,2
485,2021-03-19,1447,9.73,2,10:02:31.184,2
486,2021-03-19,1447,9.73,11,10:02:31.214,0
487,2021-03-19,1447,9.72,12,10:02:31.305,0
488,2021-03-19,1447,9.71,15,10:02:40.014,2
489,2021-03-19,1447,9.71,7,10:02:40.054,2
490,2021-03-19,1447,9.71,1,10:03:08.065,2
491,2021-03-19,1447,9.71,5,10:03:09.250,0
492,2021-03-19,1447,9.7,3,10:03:16.228,2
493,2021-03-19,1447,9.71,1,10:04:44.275,1
494,2021-03-19,1447,9.71,3,10:05:01.707,2
495,2021-03-19,1447,9.71,1,10:05:07.271,0
496,2021-03-19,1447,9.7,1,10:05:27.448,2
497,2021-03-19,1447,9.71,2,10:05:33.851,1
498,2021-03-19,1447,9.7,3,10:05:36.924,2
499,2021-03-19,1447,9.7,1,10:05:58.531,2
500,2021-03-19,1447,9.7,5,10:06:04.109,2
501,2021-03-19,1447,9.7,1,10:06:05.710,2
502,2021-03-19,1447,9.7,116,10:06:10.790,2
503,2021-03-19,1447,9.7,14,10:06:10.791,0
504,2021-03-19,1447,9.69,16,10:06:11.325,2
505,2021-03-19,1447,9.69,59,10:06:11.361,2
506,2021-03-19,1447,9.69,2,10:06:11.362,0
507,2021-03-19,1447,9.68,10,10:06:12.568,2
508,2021-03-19,1447,9.68,22,10:06:12.602,2
509,2021-03-19,1447,9.68,2,10:06:13.327,2
510,2021-03-19,1447,9.68,1,10:06:13.538,2
511,2021-03-19,1447,9.68,5,10:06:13.679,2
512,2021-03-19,1447,9.68,3,10:06:17.061,2
513,2021-03-19,1447,9.68,33,10:06:20.291,2
514,2021-03-19,1447,9.68,5,10:06:20.337,2
515,2021-03-19,1447,9.68,3,10:06:20.384,2
516,2021-03-19,1447,9.68,3,10:06:21.387,2
517,2021-03-19,1447,9.68,1,10:06:25.654,2
518,2021-03-19,1447,9.69,10,10:06:36.710,1
519,2021-03-19,1447,9.7,7,10:06:41.274,1
520,2021-03-19,1447,9.7,1,10:06:50.090,2
521,2021-03-19,1447,9.7,1,10:06:50.274,2
522,2021-03-19,1447,9.7,1,10:07:03.396,2
523,2021-03-19,1447,9.7,1,10:07:07.110,2
524,2021-03-19,1447,9.7,1,10:07:18.817,2
525,2021-03-19,1447,9.7,5,10:07:19.484,2
526,2021-03-19,1447,9.7,18,10:07:19.500,0
527,2021-03-19,1447,9.7,5,10:07:25.876,2
528,2021-03-19,1447,9.7,4,10:07:26.783,2
529,2021-03-19,1447,9.7,1,10:07:26.790,1
530,2021-03-19,1447,9.69,6,10:07:26.836,2
531,2021-03-19,1447,9.67,13,10:07:29.921,2
532,2021-03-19,1447,9.67,4,10:07:31.249,2
533,2021-03-19,1447,9.67,3,10:07:32.271,2
534,2021-03-19,1447,9.67,30,10:07:46.424,2
535,2021-03-19,1447,9.67,3,10:07:47.114,2
536,2021-03-19,1447,9.67,2,10:07:57.787,2
537,2021-03-19,1447,9.67,1,10:08:01.976,2
538,2021-03-19,1447,9.67,1,10:08:02.660,2
539,2021-03-19,1447,9.67,3,10:08:02.732,2
540,2021-03-19,1447,9.67,10,10:08:08.367,2
541,2021-03-19,1447,9.67,20,10:08:16.961,2
542,2021-03-19,1447,9.67,3,10:08:17.402,2
543,2021-03-19,1447,9.67,15,10:08:18.637,2
544,2021-03-19,1447,9.67,3,10:08:19.696,2
545,2021-03-19,1447,9.67,1,10:08:22.825,2
546,2021-03-19,1447,9.67,1,10:08:27.028,2
547,2021-03-19,1447,9.68,2,10:08:38.912,1
548,2021-03-19,1447,9.67,3,10:08:42.197,2
549,2021-03-19,1447,9.67,2,10:09:02.482,2
550,2021-03-19,1447,9.67,10,10:09:08.035,2
551,2021-03-19,1447,9.67,1,10:09:08.256,2
552,2021-03-19,1447,9.67,3,10:09:13.061,2
553,2021-03-19,1447,9.68,1,10:09:35.395,1
554,2021-03-19,1447,9.67,1,10:09:54.008,2
555,2021-03-19,1447,9.68,1,10:10:14.269,1
556,2021-03-19,1447,9.69,6,10:11:09.566,1
557,2021-03-19,1447,9.71,4,10:11:27.345,1
558,2021-03-19,1447,9.69,8,10:12:10.932,2
559,2021-03-19,1447,9.7,1,10:12:15.807,1
560,2021-03-19,1447,9.68,5,10:12:23.098,2
561,2021-03-19,1447,9.68,1,10:12:23.875,2
562,2021-03-19,1447,9.68,1,10:13:14.935,2
563,2021-03-19,1447,9.68,11,10:14:04.884,2
564,2021-03-19,1447,9.68,2,10:14:05.569,2
565,2021-03-19,1447,9.68,40,10:14:13.312,0
566,2021-03-19,1447,9.68,1,10:14:14.858,0
567,2021-03-19,1447,9.68,1,10:14:35.124,2
568,2021-03-19,1447,9.68,1,10:15:08.864,2
569,2021-03-19,1447,9.68,1,10:15:09.366,2
570,2021-03-19,1447,9.68,9,10:15:18.220,1
571,2021-03-19,1447,9.68,10,10:15:22.215,1
572,2021-03-19,1447,9.68,1,10:15:26.164,1
573,2021-03-19,1447,9.67,10,10:15:49.657,2
574,2021-03-19,1447,9.68,1,10:16:54.363,1
575,2021-03-19,1447,9.68,2,10:17:08.343,0
576,2021-03-19,1447,9.69,1,10:17:53.718,1
577,2021-03-19,1447,9.69,1,10:18:01.406,1
578,2021-03-19,1447,9.68,2,10:19:10.985,2
579,2021-03-19,1447,9.69,10,10:19:13.946,1
580,2021-03-19,1447,9.69,3,10:20:21.822,1
581,2021-03-19,1447,9.68,1,10:20:30.126,2
582,2021-03-19,1447,9.69,10,10:20:31.330,1
583,2021-03-19,1447,9.68,10,10:20:42.323,2
584,2021-03-19,1447,9.68,1,10:21:25.265,2
585,2021-03-19,1447,9.68,1,10:21:45.484,2
586,2021-03-19,1447,9.68,1,10:21:58.962,2
587,2021-03-19,1447,9.68,6,10:22:28.002,2
588,2021-03-19,1447,9.68,7,10:22:30.101,2
589,2021-03-19,1447,9.68,20,10:22:30.144,0
590,2021-03-19,1447,9.67,5,10:22:52.232,2
591,2021-03-19,1447,9.68,5,10:23:16.550,1
592,2021-03-19,1447,9.67,14,10:23:18.832,2
593,2021-03-19,1447,9.68,5,10:23:53.704,1
594,2021-03-19,1447,9.68,4,10:24:21.227,0
595,2021-03-19,1447,9.68,2,10:24:37.137,2
596,2021-03-19,1447,9.69,1,10:24:51.792,1
597,2021-03-19,1447,9.68,3,10:25:32.109,2
598,2021-03-19,1447,9.69,5,10:25:33.150,1
599,2021-03-19,1447,9.69,18,10:26:13.158,0
600,2021-03-19,1447,9.7,5,10:28:14.441,1
601,2021-03-19,1447,9.7,3,10:29:09.683,1
602,2021-03-19,1447,9.69,5,10:29:57.238,2
603,2021-03-19,1447,9.69,5,10:30:19.023,0
604,2021-03-19,1447,9.7,29,10:32:20.656,1
605,2021-03-19,1447,9.7,33,10:32:33.522,2
606,2021-03-19,1447,9.71,5,10:32:45.331,1
607,2021-03-19,1447,9.71,1,10:33:23.557,0
608,2021-03-19,1447,9.72,3,10:34:04.188,1
609,2021-03-19,1447,9.72,10,10:34:16.218,0
610,2021-03-19,1447,9.72,1,10:34:51.358,1
611,2021-03-19,1447,9.72,4,10:35:02.197,0
612,2021-03-19,1447,9.72,9,10:37:03.526,2
613,2021-03-19,1447,9.71,9,10:37:56.563,2
614,2021-03-19,1447,9.72,5,10:39:47.267,1
615,2021-03-19,1447,9.71,1,10:39:56.500,2
616,2021-03-19,1447,9.71,2,10:40:53.350,2
617,2021-03-19,1447,9.71,2,10:41:02.907,2
618,2021-03-19,1447,9.71,1,10:41:06.985,2
619,2021-03-19,1447,9.71,10,10:41:26.395,2
620,2021-03-19,1447,9.71,1,10:42:09.412,2
621,2021-03-19,1447,9.71,1,10:42:57.503,2
622,2021-03-19,1447,9.71,5,10:43:19.098,2
623,2021-03-19,1447,9.71,14,10:43:36.082,0
624,2021-03-19,1447,9.7,3,10:44:49.769,2
625,2021-03-19,1447,9.71,10,10:45:20.512,1
626,2021-03-19,1447,9.7,1,10:45:56.685,2
627,2021-03-19,1447,9.7,10,10:46:43.492,2
628,2021-03-19,1447,9.7,5,10:47:01.961,2
629,2021-03-19,1447,9.7,1,10:47:06.177,2
630,2021-03-19,1447,9.7,3,10:47:06.698,2
631,2021-03-19,1447,9.7,10,10:47:15.370,2
632,2021-03-19,1447,9.7,9,10:47:24.759,2
633,2021-03-19,1447,9.7,13,10:47:46.666,0
634,2021-03-19,1447,9.71,1,10:48:18.394,1
635,2021-03-19,1447,9.7,10,10:48:29.617,2
636,2021-03-19,1447,9.7,1,10:49:44.117,1
637,2021-03-19,1447,9.7,1,10:50:05.117,2
638,2021-03-19,1447,9.7,2,10:50:11.373,2
639,2021-03-19,1447,9.7,9,10:51:45.904,1
640,2021-03-19,1447,9.7,1,10:52:18.430,0
641,2021-03-19,1447,9.7,5,10:53:26.140,2
642,2021-03-19,1447,9.7,5,10:53:48.751,0
643,2021-03-19,1447,9.7,2,10:54:13.775,2
644,2021-03-19,1447,9.7,5,10:56:19.337,2
645,2021-03-19,1447,9.7,5,10:56:23.764,2
646,2021-03-19,1447,9.7,1,10:56:35.157,1
647,2021-03-19,1447,9.7,4,10:57:31.354,1
648,2021-03-19,1447,9.7,3,10:58:03.284,1
649,2021-03-19,1447,9.7,10,11:00:01.029,1
650,2021-03-19,1447,9.69,1,11:00:53.981,2
651,2021-03-19,1447,9.69,5,11:02:09.914,2
652,2021-03-19,1447,9.7,5,11:02:11.108,1
653,2021-03-19,1447,9.7,1,11:03:42.072,1
654,2021-03-19,1447,9.7,5,11:04:07.473,1
655,2021-03-19,1447,9.71,4,11:04:11.473,1
656,2021-03-19,1447,9.7,4,11:06:59.718,2
657,2021-03-19,1447,9.69,5,11:08:55.943,2
658,2021-03-19,1447,9.69,43,11:09:02.312,1
659,2021-03-19,1447,9.69,1,11:09:20.988,1
660,2021-03-19,1447,9.69,10,11:10:07.878,1
661,2021-03-19,1447,9.69,15,11:10:43.647,1
662,2021-03-19,1447,9.68,12,11:10:56.751,2
663,2021-03-19,1447,9.68,6,11:11:50.336,2
664,2021-03-19,1447,9.68,5,11:12:05.334,2
665,2021-03-19,1447,9.68,18,11:12:13.223,1
666,2021-03-19,1447,9.68,2,11:12:20.504,1
667,2021-03-19,1447,9.69,23,11:12:30.418,1
668,2021-03-19,1447,9.7,3,11:13:05.912,1
669,2021-03-19,1447,9.7,27,11:13:05.947,0
670,2021-03-19,1447,9.7,3,11:17:18.695,1
671,2021-03-19,1447,9.7,1,11:17:20.854,1
672,2021-03-19,1447,9.68,1,11:18:19.076,2
673,2021-03-19,1447,9.7,10,11:18:50.912,1
674,2021-03-19,1447,9.68,6,11:22:10.838,2
675,2021-03-19,1447,9.68,2,11:22:32.334,2
676,2021-03-19,1447,9.68,1,11:23:09.158,2
677,2021-03-19,1447,9.68,2,11:23:32.995,2
678,2021-03-19,1447,9.68,1,11:23:47.874,2
679,2021-03-19,1447,9.68,2,11:24:43.898,2
680,2021-03-19,1447,9.68,3,11:27:48.670,2
681,2021-03-19,1447,9.69,5,11:28:06.851,1
682,2021-03-19,1447,9.69,8,11:28:08.300,0
683,2021-03-19,1447,9.69,4,11:29:38.769,2
684,2021-03-19,1447,9.69,5,11:29:44.087,2
685,2021-03-19,1447,9.7,1,11:30:35.434,1
686,2021-03-19,1447,9.68,17,11:31:23.679,2
687,2021-03-19,1447,9.68,3,11:32:01.072,2
688,2021-03-19,1447,9.68,71,11:32:33.048,1
689,2021-03-19,1447,9.67,4,11:32:33.998,2
690,2021-03-19,1447,9.67,3,11:32:46.768,2
691,2021-03-19,1447,9.67,2,11:33:14.938,2
692,2021-03-19,1447,9.68,10,11:33:37.499,1
693,2021-03-19,1447,9.68,2,11:33:41.256,1
694,2021-03-19,1447,9.67,3,11:34:01.744,2
695,2021-03-19,1447,9.68,10,11:35:08.229,1
696,2021-03-19,1447,9.67,1,11:35:14.769,2
697,2021-03-19,1447,9.68,2,11:35:24.105,1
698,2021-03-19,1447,9.68,2,11:35:24.150,1
699,2021-03-19,1447,9.67,3,11:35:24.473,2
700,2021-03-19,1447,9.67,3,11:35:28.595,2
701,2021-03-19,1447,9.68,1,11:35:52.743,1
702,2021-03-19,1447,9.68,5,11:36:25.447,1
703,2021-03-19,1447,9.67,3,11:36:43.410,2
704,2021-03-19,1447,9.68,20,11:37:43.444,1
705,2021-03-19,1447,9.67,3,11:37:58.765,2
706,2021-03-19,1447,9.68,10,11:38:00.465,1
707,2021-03-19,1447,9.68,2,11:38:09.800,1
708,2021-03-19,1447,9.68,1,11:38:12.285,1
709,2021-03-19,1447,9.68,28,11:38:15.289,0
710,2021-03-19,1447,9.69,1,11:38:29.152,1
711,2021-03-19,1447,9.69,4,11:40:33.728,1
712,2021-03-19,1447,9.69,5,11:40:33.800,1
713,2021-03-19,1447,9.69,4,11:40:33.826,0
714,2021-03-19,1447,9.69,4,11:41:39.415,0
715,2021-03-19,1447,9.69,2,11:41:50.425,0
716,2021-03-19,1447,9.69,6,11:44:25.836,1
717,2021-03-19,1447,9.69,2,11:44:38.015,1
718,2021-03-19,1447,9.68,1,11:44:39.107,2
719,2021-03-19,1447,9.68,5,11:44:42.619,2
720,2021-03-19,1447,9.7,5,11:45:15.166,1
721,2021-03-19,1447,9.69,1,11:46:30.627,2
722,2021-03-19,1447,9.69,9,11:46:52.402,0
723,2021-03-19,1447,9.68,5,11:47:59.930,2
724,2021-03-19,1447,9.69,5,11:50:43.416,1
725,2021-03-19,1447,9.69,10,11:51:16.155,0
726,2021-03-19,1447,9.69,4,11:51:32.226,2
727,2021-03-19,1447,9.69,7,11:52:23.456,0
728,2021-03-19,1447,9.69,4,11:54:41.326,2
729,2021-03-19,1447,9.69,1,11:56:06.594,0
730,2021-03-19,1447,9.69,1,11:57:29.892,2
731,2021-03-19,1447,9.69,2,11:57:45.978,2
732,2021-03-19,1447,9.69,8,11:57:53.777,1
733,2021-03-19,1447,9.68,2,11:58:23.149,2
734,2021-03-19,1447,9.69,4,11:59:32.105,1
735,2021-03-19,1447,9.68,5,11:59:37.254,2
736,2021-03-19,1447,9.68,5,12:00:03.596,2
737,2021-03-19,1447,9.68,3,12:03:25.438,2
738,2021-03-19,1447,9.68,3,12:04:11.132,2
739,2021-03-19,1447,9.68,1,12:05:53.821,2
740,2021-03-19,1447,9.69,1,12:07:05.705,1
741,2021-03-19,1447,9.69,2,12:09:18.214,1
742,2021-03-19,1447,9.68,2,12:09:53.872,2
743,2021-03-19,1447,9.68,10,12:10:38.416,2
744,2021-03-19,1447,9.68,1,12:11:46.636,2
745,2021-03-19,1447,9.68,3,12:12:13.428,2
746,2021-03-19,1447,9.68,2,12:12:47.673,2
747,2021-03-19,1447,9.68,1,12:13:41.776,2
748,2021-03-19,1447,9.68,2,12:14:04.304,2
749,2021-03-19,1447,9.68,2,12:16:50.185,2
750,2021-03-19,1447,9.68,2,12:17:20.062,2
751,2021-03-19,1447,9.68,10,12:17:38.146,2
752,2021-03-19,1447,9.68,11,12:17:38.306,2
753,2021-03-19,1447,9.69,10,12:18:22.303,1
754,2021-03-19,1447,9.68,3,12:18:51.541,2
755,2021-03-19,1447,9.68,1,12:19:49.106,2
756,2021-03-19,1447,9.68,1,12:20:03.659,2
757,2021-03-19,1447,9.68,3,12:21:05.579,2
758,2021-03-19,1447,9.68,2,12:21:14.813,2
759,2021-03-19,1447,9.69,10,12:22:17.590,1
760,2021-03-19,1447,9.69,13,12:22:17.626,0
761,2021-03-19,1447,9.69,1,12:22:41.034,1
762,2021-03-19,1447,9.69,1,12:22:49.111,1
763,2021-03-19,1447,9.69,1,12:23:57.483,1
764,2021-03-19,1447,9.68,1,12:24:16.906,2
765,2021-03-19,1447,9.68,1,12:24:25.846,2
766,2021-03-19,1447,9.69,2,12:24:53.858,1
767,2021-03-19,1447,9.69,1,12:25:02.807,1
768,2021-03-19,1447,9.69,1,12:25:39.830,1
769,2021-03-19,1447,9.69,11,12:26:10.207,0
770,2021-03-19,1447,9.68,10,12:26:27.780,2
771,2021-03-19,1447,9.68,5,12:26:39.250,2
772,2021-03-19,1447,9.68,3,12:27:27.387,2
773,2021-03-19,1447,9.69,5,12:28:14.892,1
774,2021-03-19,1447,9.69,1,12:28:20.000,2
775,2021-03-19,1447,9.69,10,12:29:11.474,2
776,2021-03-19,1447,9.69,8,12:29:40.529,0
777,2021-03-19,1447,9.7,2,12:30:09.315,1
778,2021-03-19,1447,9.69,1,12:30:21.108,2
779,2021-03-19,1447,9.69,5,12:30:34.778,1
780,2021-03-19,1447,9.69,4,12:30:34.816,0
781,2021-03-19,1447,9.7,5,12:32:52.841,1
782,2021-03-19,1447,9.7,29,12:32:52.870,1
783,2021-03-19,1447,9.7,26,12:32:52.899,1
784,2021-03-19,1447,9.7,15,12:32:52.929,1
785,2021-03-19,1447,9.7,10,12:32:52.930,1
786,2021-03-19,1447,9.7,15,12:32:52.960,0
787,2021-03-19,1447,9.71,11,12:33:31.258,1
788,2021-03-19,1447,9.72,2,12:35:04.738,1
789,2021-03-19,1447,9.73,3,12:35:20.493,1
790,2021-03-19,1447,9.72,5,12:36:14.581,2
791,2021-03-19,1447,9.73,5,12:36:14.623,1
792,2021-03-19,1447,9.73,5,12:36:19.665,1
793,2021-03-19,1447,9.73,5,12:37:07.240,0
794,2021-03-19,1447,9.74,15,12:37:36.574,1
795,2021-03-19,1447,9.74,2,12:37:41.505,1
796,2021-03-19,1447,9.74,10,12:37:53.051,1
797,2021-03-19,1447,9.74,5,12:38:22.143,1
798,2021-03-19,1447,9.73,3,12:39:38.947,2
799,2021-03-19,1447,9.74,2,12:39:46.626,1
800,2021-03-19,1447,9.73,1,12:40:43.626,2
801,2021-03-19,1447,9.73,1,12:40:50.256,2
802,2021-03-19,1447,9.73,1,12:41:03.270,2
803,2021-03-19,1447,9.73,10,12:41:10.230,0
804,2021-03-19,1447,9.73,3,12:41:25.168,1
805,2021-03-19,1447,9.73,2,12:41:37.922,1
806,2021-03-19,1447,9.73,1,12:43:09.940,1
807,2021-03-19,1447,9.72,5,12:43:34.218,2
808,2021-03-19,1447,9.71,1,12:43:56.203,2
809,2021-03-19,1447,9.71,2,12:44:08.725,2
810,2021-03-19,1447,9.71,2,12:44:11.824,2
811,2021-03-19,1447,9.71,1,12:45:33.886,2
812,2021-03-19,1447,9.71,5,12:46:11.966,2
813,2021-03-19,1447,9.71,1,12:46:32.646,2
814,2021-03-19,1447,9.71,1,12:48:11.272,2
815,2021-03-19,1447,9.71,2,12:49:12.577,2
816,2021-03-19,1447,9.72,10,12:49:43.367,1
817,2021-03-19,1447,9.72,7,12:49:43.403,0
818,2021-03-19,1447,9.72,2,12:50:52.685,1
819,2021-03-19,1447,9.71,25,12:51:13.631,2
820,2021-03-19,1447,9.7,3,12:51:26.193,2
821,2021-03-19,1447,9.71,2,12:51:41.881,1
822,2021-03-19,1447,9.7,1,12:51:42.532,2
823,2021-03-19,1447,9.7,4,12:52:16.916,2
824,2021-03-19,1447,9.7,2,12:52:35.519,2
825,2021-03-19,1447,9.7,27,12:52:41.608,1
826,2021-03-19,1447,9.7,1,12:52:58.028,1
827,2021-03-19,1447,9.69,20,12:53:05.594,2
828,2021-03-19,1447,9.7,2,12:53:05.601,1
829,2021-03-19,1447,9.7,1,12:54:29.928,2
830,2021-03-19,1447,9.71,9,12:54:35.388,1
831,2021-03-19,1447,9.71,3,12:55:55.740,2
832,2021-03-19,1447,9.71,3,12:56:11.146,2
833,2021-03-19,1447,9.72,1,12:56:42.090,1
834,2021-03-19,1447,9.71,1,12:57:41.527,2
835,2021-03-19,1447,9.72,5,12:58:47.827,1
836,2021-03-19,1447,9.72,4,12:58:57.289,0
837,2021-03-19,1447,9.72,1,12:59:17.438,0
838,2021-03-19,1447,9.72,2,13:01:53.309,1
839,2021-03-19,1447,9.71,14,13:03:44.407,2
840,2021-03-19,1447,9.71,1,13:03:44.498,0
841,2021-03-19,1447,9.72,10,13:04:26.963,1
842,2021-03-19,1447,9.72,1,13:04:50.179,1
843,2021-03-19,1447,9.72,2,13:05:21.008,1
844,2021-03-19,1447,9.72,5,13:05:38.074,1
845,2021-03-19,1447,9.68,19,13:06:11.198,2
846,2021-03-19,1447,9.71,1,13:08:12.049,1
847,2021-03-19,1447,9.71,2,13:08:12.905,2
848,2021-03-19,1447,9.7,1,13:08:31.331,2
849,2021-03-19,1447,9.7,1,13:08:31.413,1
850,2021-03-19,1447,9.7,3,13:08:35.418,2
851,2021-03-19,1447,9.72,100,13:08:50.538,1
852,2021-03-19,1447,9.7,2,13:09:01.764,2
853,2021-03-19,1447,9.71,1,13:09:36.561,1
854,2021-03-19,1447,9.71,7,13:10:07.248,2
855,2021-03-19,1447,9.71,2,13:11:20.424,1
856,2021-03-19,1447,9.7,2,13:12:50.064,2
857,2021-03-19,1447,9.71,1,13:12:53.237,1
858,2021-03-19,1447,9.7,1,13:13:10.722,2
859,2021-03-19,1447,9.7,4,13:13:14.701,0
860,2021-03-19,1447,9.7,1,13:14:08.140,2
861,2021-03-19,1447,9.69,2,13:14:08.673,2
862,2021-03-19,1447,9.69,10,13:14:38.585,2
863,2021-03-19,1447,9.69,21,13:15:13.253,0
864,2021-03-19,1447,9.68,2,13:15:41.606,2
865,2021-03-19,1447,9.68,7,13:15:55.570,2
866,2021-03-19,1447,9.7,2,13:16:04.054,1
867,2021-03-19,1447,9.7,5,13:16:25.749,1
868,2021-03-19,1447,9.7,2,13:16:45.890,0
869,2021-03-19,1447,9.7,2,13:17:13.681,0
870,2021-03-19,1447,9.7,7,13:17:51.987,2
871,2021-03-19,1447,9.7,1,13:18:09.333,2
872,2021-03-19,1447,9.7,4,13:18:17.588,1
873,2021-03-19,1447,9.7,1,13:18:56.977,1
874,2021-03-19,1447,9.7,2,13:19:06.772,1
875,2021-03-19,1447,9.69,3,13:19:27.557,2
876,2021-03-19,1447,9.7,2,13:19:28.336,1
877,2021-03-19,1447,9.69,2,13:19:39.217,2
878,2021-03-19,1447,9.69,1,13:20:36.894,2
879,2021-03-19,1447,9.69,2,13:21:00.410,2
880,2021-03-19,1447,9.69,2,13:21:07.286,2
881,2021-03-19,1447,9.69,10,13:21:36.062,2
882,2021-03-19,1447,9.69,1,13:22:11.325,2
883,2021-03-19,1447,9.69,2,13:23:20.487,2
884,2021-03-19,1447,9.69,6,13:23:22.659,2
885,2021-03-19,1447,9.68,34,13:23:25.532,2
886,2021-03-19,1447,9.69,2,13:23:48.031,1
887,2021-03-19,1447,9.69,10,13:24:07.280,1
888,2021-03-19,1447,9.69,1,13:24:08.452,2
889,2021-03-19,1447,9.69,5,13:24:38.887,2
890,2021-03-19,1447,9.68,1,13:24:39.070,2
891,2021-03-19,1447,9.69,2,13:24:57.793,1
892,2021-03-19,1447,9.68,11,13:25:26.775,2
893,2021-03-19,1447,9.68,29,13:25:31.790,2
894,2021-03-19,1447,9.68,29,13:25:46.833,2
895,2021-03-19,1447,9.68,49,13:25:51.847,2
896,2021-03-19,1447,9.68,88,13:25:56.859,2
897,2021-03-19,1447,9.68,88,13:26:06.886,2
898,2021-03-19,1447,9.68,88,13:26:21.927,2
899,2021-03-19,1447,9.68,88,13:26:31.956,2
900,2021-03-19,1447,9.68,88,13:26:41.983,2
901,2021-03-19,1447,9.68,91,13:26:46.997,2
902,2021-03-19,1447,9.68,116,13:26:52.010,2
903,2021-03-19,1447,9.68,121,13:26:57.023,2
904,2021-03-19,1447,9.68,137,13:27:02.036,2
905,2021-03-19,1447,9.68,139,13:27:07.050,2
906,2021-03-19,1447,9.68,139,13:27:12.064,2
907,2021-03-19,1447,9.68,141,13:27:22.088,2
908,2021-03-19,1447,9.68,161,13:27:27.115,2
909,2021-03-19,1447,9.68,161,13:27:32.171,2
910,2021-03-19,1447,9.68,162,13:27:37.219,2
911,2021-03-19,1447,9.68,162,13:27:47.293,2
912,2021-03-19,1447,9.68,162,13:27:52.323,2
913,2021-03-19,1447,9.68,162,13:27:57.348,2
914,2021-03-19,1447,9.68,163,13:28:02.373,2
915,2021-03-19,1447,9.68,163,13:28:12.416,2
916,2021-03-19,1447,9.68,164,13:28:17.437,2
917,2021-03-19,1447,9.68,164,13:28:22.459,2
918,2021-03-19,1447,9.68,164,13:28:32.498,2
919,2021-03-19,1447,9.68,164,13:28:37.517,2
920,2021-03-19,1447,9.68,196,13:28:42.535,2
921,2021-03-19,1447,9.68,196,13:28:47.556,2
922,2021-03-19,1447,9.68,196,13:28:52.576,2
923,2021-03-19,1447,9.68,196,13:29:07.632,2
924,2021-03-19,1447,9.68,196,13:29:12.649,2
925,2021-03-19,1447,9.68,196,13:29:17.666,2
926,2021-03-19,1447,9.68,196,13:29:22.685,2
927,2021-03-19,1447,9.68,196,13:29:27.703,2
928,2021-03-19,1447,9.68,196,13:29:32.723,2
929,2021-03-19,1447,9.68,196,13:29:52.801,2
930,2021-03-19,1447,9.68,196,13:29:57.819,2
931,2021-03-19,1447,9.68,196,13:30:00.000,2
932,2021-03-19,1447,9.68,19,14:30:00.000,2
