date,stock_id,deal_price,volume,Time,TickType
2021-01-22,2603,33,7,08:30:05.338,0
2021-01-22,2603,32.1,10,08:30:10.358,0
2021-01-22,2603,32.9,107,08:30:15.378,0
2021-01-22,2603,32.9,111,08:30:20.397,0
2021-01-22,2603,32.9,130,08:30:25.417,0
2021-01-22,2603,32.9,138,08:30:30.436,0
2021-01-22,2603,32.9,179,08:30:35.456,0
2021-01-22,2603,32.1,144,08:30:40.474,0
2021-01-22,2603,32.1,156,08:30:45.492,0
2021-01-22,2603,32.1,167,08:30:50.511,0
2021-01-22,2603,32.1,173,08:30:55.529,0
2021-01-22,2603,32.1,187,08:31:00.549,0
2021-01-22,2603,32.1,192,08:31:05.565,0
2021-01-22,2603,32.1,205,08:31:10.744,0
2021-01-22,2603,32.1,219,08:31:15.924,0
2021-01-22,2603,32.1,231,08:31:21.113,0
2021-01-22,2603,32.1,234,08:31:26.312,0
2021-01-22,2603,32.1,249,08:31:31.315,0
2021-01-22,2603,32.1,273,08:31:36.321,0
2021-01-22,2603,32.1,276,08:31:41.329,0
2021-01-22,2603,32.1,281,08:31:46.337,0
2021-01-22,2603,32.1,287,08:31:51.348,0
2021-01-22,2603,32.1,307,08:31:56.359,0
2021-01-22,2603,32.1,307,08:32:01.373,0
2021-01-22,2603,32.1,356,08:32:06.385,0
2021-01-22,2603,32.1,361,08:32:11.396,0
2021-01-22,2603,32.1,370,08:32:16.410,0
2021-01-22,2603,32.1,379,08:32:21.424,0
2021-01-22,2603,32.1,319,08:32:26.438,0
2021-01-22,2603,32.1,319,08:32:31.451,0
2021-01-22,2603,32.1,319,08:32:36.466,0
2021-01-22,2603,32.1,319,08:32:41.480,0
2021-01-22,2603,32.1,414,08:32:46.494,0
2021-01-22,2603,32.1,417,08:32:51.506,0
2021-01-22,2603,32.1,328,08:32:56.518,0
2021-01-22,2603,32.1,329,08:33:01.533,0
2021-01-22,2603,32.1,321,08:33:06.549,0
2021-01-22,2603,32.1,321,08:33:11.560,0
2021-01-22,2603,32.1,321,08:33:16.572,0
2021-01-22,2603,32.4,363,08:33:21.586,0
2021-01-22,2603,32.5,453,08:33:26.601,0
2021-01-22,2603,32.65,580,08:33:31.613,0
2021-01-22,2603,32.65,580,08:33:36.628,0
2021-01-22,2603,32.65,580,08:33:41.642,0
2021-01-22,2603,32.65,602,08:33:46.656,0
2021-01-22,2603,32.65,602,08:33:51.670,0
2021-01-22,2603,32.6,602,08:33:56.681,0
2021-01-22,2603,32.6,604,08:34:06.707,0
2021-01-22,2603,32.65,604,08:34:11.720,0
2021-01-22,2603,32.65,605,08:34:16.730,0
2021-01-22,2603,33,1102,08:34:21.742,0
2021-01-22,2603,33.3,1596,08:34:26.755,0
2021-01-22,2603,33.3,1596,08:34:31.770,0
2021-01-22,2603,33.45,2092,08:34:36.784,0
2021-01-22,2603,33.6,2591,08:34:41.798,0
2021-01-22,2603,33.8,3088,08:34:46.812,0
2021-01-22,2603,33.8,3128,08:34:51.828,0
2021-01-22,2603,33.8,3129,08:34:56.841,0
2021-01-22,2603,33.9,3628,08:35:01.853,0
2021-01-22,2603,33.9,3634,08:35:06.867,0
2021-01-22,2603,33.9,3634,08:35:11.878,0
2021-01-22,2603,33.9,3634,08:35:16.891,0
2021-01-22,2603,33.9,3634,08:35:21.905,0
2021-01-22,2603,33.9,3634,08:35:26.921,0
2021-01-22,2603,33.9,3644,08:35:31.935,0
2021-01-22,2603,33.9,3645,08:35:36.949,0
2021-01-22,2603,33.9,3655,08:35:41.963,0
2021-01-22,2603,33.85,3655,08:35:46.977,0
2021-01-22,2603,33.85,3655,08:35:51.992,0
2021-01-22,2603,33.75,3656,08:35:57.005,0
2021-01-22,2603,33.8,3756,08:36:02.019,0
2021-01-22,2603,33.8,3756,08:36:07.032,0
2021-01-22,2603,33.8,3756,08:36:12.093,0
2021-01-22,2603,33.8,3756,08:36:17.140,0
2021-01-22,2603,33.8,3717,08:36:22.182,0
2021-01-22,2603,33.7,3717,08:36:27.217,0
2021-01-22,2603,33.65,3717,08:36:32.246,0
2021-01-22,2603,33.6,3719,08:36:37.273,0
2021-01-22,2603,33.6,3719,08:36:42.298,0
2021-01-22,2603,33.6,3719,08:36:47.323,0
2021-01-22,2603,33.5,3722,08:36:52.345,0
2021-01-22,2603,33.5,3722,08:36:57.366,0
2021-01-22,2603,33.5,3722,08:37:02.386,0
2021-01-22,2603,33.45,3760,08:37:07.403,0
2021-01-22,2603,33.45,3770,08:37:12.424,0
2021-01-22,2603,33.45,3781,08:37:17.440,0
2021-01-22,2603,33.45,3781,08:37:22.458,0
2021-01-22,2603,33.5,3740,08:37:27.478,0
2021-01-22,2603,33.5,3800,08:37:32.497,0
2021-01-22,2603,33.5,3800,08:37:37.515,0
2021-01-22,2603,33.45,3822,08:37:42.534,0
2021-01-22,2603,33.45,3822,08:37:47.555,0
2021-01-22,2603,33.4,3793,08:37:52.574,0
2021-01-22,2603,33.4,3791,08:37:57.594,0
2021-01-22,2603,33.4,3785,08:38:02.613,0
2021-01-22,2603,33.45,3785,08:38:07.633,0
2021-01-22,2603,33.45,3785,08:38:12.652,0
2021-01-22,2603,33.45,3783,08:38:17.671,0
2021-01-22,2603,33.5,3782,08:38:22.689,0
2021-01-22,2603,33.5,3782,08:38:27.709,0
2021-01-22,2603,33.5,3782,08:38:32.730,0
2021-01-22,2603,33.5,3782,08:38:37.750,0
2021-01-22,2603,33.5,3782,08:38:42.770,0
2021-01-22,2603,33.5,3782,08:38:47.790,0
2021-01-22,2603,33.5,3783,08:38:52.810,0
2021-01-22,2603,33.5,3793,08:38:57.829,0
2021-01-22,2603,33.5,3883,08:39:02.848,0
2021-01-22,2603,33.5,3883,08:39:07.867,0
2021-01-22,2603,33.5,3889,08:39:12.883,0
2021-01-22,2603,33.5,3799,08:39:17.903,0
2021-01-22,2603,33.5,3799,08:39:22.922,0
2021-01-22,2603,33.5,3799,08:39:27.941,0
2021-01-22,2603,33.45,3842,08:39:32.960,0
2021-01-22,2603,33.45,3836,08:39:37.979,0
2021-01-22,2603,33.45,3841,08:39:42.999,0
2021-01-22,2603,33.45,3802,08:39:48.019,0
2021-01-22,2603,33.45,3802,08:39:53.040,0
2021-01-22,2603,33.4,3810,08:39:58.059,0
2021-01-22,2603,33.4,3844,08:40:03.076,0
2021-01-22,2603,33.4,3844,08:40:08.094,0
2021-01-22,2603,33.4,3804,08:40:13.113,0
2021-01-22,2603,33.4,3804,08:40:18.131,0
2021-01-22,2603,33.4,3804,08:40:23.149,0
2021-01-22,2603,33.4,3804,08:40:28.169,0
2021-01-22,2603,33.4,3804,08:40:33.186,0
2021-01-22,2603,33.4,3806,08:40:38.206,0
2021-01-22,2603,33.4,3806,08:40:43.225,0
2021-01-22,2603,33.4,3806,08:40:48.245,0
2021-01-22,2603,33.4,3806,08:40:53.266,0
2021-01-22,2603,33.4,3807,08:40:58.286,0
2021-01-22,2603,33.4,3805,08:41:03.306,0
2021-01-22,2603,33.4,3805,08:41:08.310,0
2021-01-22,2603,33.4,3835,08:41:13.485,0
2021-01-22,2603,33.4,3842,08:41:18.672,0
2021-01-22,2603,33.4,3842,08:41:23.867,0
2021-01-22,2603,33.4,4004,08:41:28.868,0
2021-01-22,2603,33.4,4020,08:41:33.870,0
2021-01-22,2603,33.4,4018,08:41:38.878,0
2021-01-22,2603,33.4,4018,08:41:43.888,0
2021-01-22,2603,33.4,4018,08:41:48.897,0
2021-01-22,2603,33.4,4023,08:41:53.909,0
2021-01-22,2603,33.4,4023,08:41:58.923,0
2021-01-22,2603,33.4,4023,08:42:03.934,0
2021-01-22,2603,33.4,4024,08:42:08.947,0
2021-01-22,2603,33.4,4024,08:42:13.960,0
2021-01-22,2603,33.4,4024,08:42:18.972,0
2021-01-22,2603,33.4,4026,08:42:23.986,0
2021-01-22,2603,33.4,4026,08:42:28.999,0
2021-01-22,2603,33.4,4026,08:42:34.014,0
2021-01-22,2603,33.4,4026,08:42:39.029,0
2021-01-22,2603,33.4,4027,08:42:44.043,0
2021-01-22,2603,33.4,4027,08:42:49.058,0
2021-01-22,2603,33.4,4031,08:42:54.073,0
2021-01-22,2603,33.4,4031,08:42:59.088,0
2021-01-22,2603,33.4,4031,08:43:04.100,0
2021-01-22,2603,33.4,4031,08:43:09.112,0
2021-01-22,2603,33.45,4925,08:43:14.126,0
2021-01-22,2603,33.6,5812,08:43:19.139,0
2021-01-22,2603,33.6,5811,08:43:24.151,0
2021-01-22,2603,33.6,6011,08:43:29.164,0
2021-01-22,2603,33.6,6011,08:43:34.177,0
2021-01-22,2603,33.6,6011,08:43:39.192,0
2021-01-22,2603,33.6,6011,08:43:44.208,0
2021-01-22,2603,33.6,6011,08:43:49.222,0
2021-01-22,2603,33.6,6055,08:43:54.237,0
2021-01-22,2603,33.6,6061,08:43:59.252,0
2021-01-22,2603,33.6,6062,08:44:04.267,0
2021-01-22,2603,33.6,6063,08:44:09.279,0
2021-01-22,2603,33.6,6063,08:44:14.291,0
2021-01-22,2603,33.6,6062,08:44:19.303,0
2021-01-22,2603,33.6,6063,08:44:24.316,0
2021-01-22,2603,33.6,6062,08:44:29.329,0
2021-01-22,2603,33.6,6062,08:44:34.342,0
2021-01-22,2603,33.6,6062,08:44:39.355,0
2021-01-22,2603,33.6,6062,08:44:44.370,0
2021-01-22,2603,33.6,6066,08:44:49.385,0
2021-01-22,2603,33.6,6067,08:44:54.399,0
2021-01-22,2603,33.6,6069,08:44:59.414,0
2021-01-22,2603,33.6,6089,08:45:04.429,0
2021-01-22,2603,33.6,6089,08:45:09.444,0
2021-01-22,2603,33.6,6088,08:45:14.458,0
2021-01-22,2603,33.6,6088,08:45:19.473,0
2021-01-22,2603,33.6,6088,08:45:24.486,0
2021-01-22,2603,33.6,6088,08:45:29.499,0
2021-01-22,2603,33.6,6088,08:45:34.510,0
2021-01-22,2603,33.6,6089,08:45:39.525,0
2021-01-22,2603,33.6,6089,08:45:44.536,0
2021-01-22,2603,33.55,6088,08:45:49.550,0
2021-01-22,2603,33.55,6089,08:45:54.565,0
2021-01-22,2603,33.6,6289,08:45:59.579,0
2021-01-22,2603,33.6,6289,08:46:04.592,0
2021-01-22,2603,33.6,6308,08:46:09.634,0
2021-01-22,2603,33.6,6308,08:46:14.688,0
2021-01-22,2603,33.6,6308,08:46:19.732,0
2021-01-22,2603,33.6,6316,08:46:24.767,0
2021-01-22,2603,33.6,6316,08:46:29.799,0
2021-01-22,2603,33.6,6316,08:46:34.828,0
2021-01-22,2603,33.6,6316,08:46:39.853,0
2021-01-22,2603,33.6,6316,08:46:44.879,0
2021-01-22,2603,33.6,6316,08:46:49.900,0
2021-01-22,2603,33.6,6316,08:46:54.923,0
2021-01-22,2603,33.6,6316,08:46:59.945,0
2021-01-22,2603,33.6,6316,08:47:04.966,0
2021-01-22,2603,33.6,6316,08:47:09.985,0
2021-01-22,2603,33.6,6317,08:47:15.006,0
2021-01-22,2603,33.6,6317,08:47:20.025,0
2021-01-22,2603,33.6,6319,08:47:25.042,0
2021-01-22,2603,33.6,6319,08:47:30.061,0
2021-01-22,2603,33.6,6319,08:47:35.081,0
2021-01-22,2603,33.6,6320,08:47:40.098,0
2021-01-22,2603,33.55,6320,08:47:45.117,0
2021-01-22,2603,33.55,6321,08:47:50.137,0
2021-01-22,2603,33.5,6188,08:47:55.155,0
2021-01-22,2603,33.5,6188,08:48:00.175,0
2021-01-22,2603,33.5,6188,08:48:05.194,0
2021-01-22,2603,33.5,6188,08:48:10.213,0
2021-01-22,2603,33.5,6148,08:48:15.234,0
2021-01-22,2603,33.5,6148,08:48:20.250,0
2021-01-22,2603,33.5,6148,08:48:25.268,0
2021-01-22,2603,33.5,6148,08:48:30.286,0
2021-01-22,2603,33.5,6153,08:48:35.306,0
2021-01-22,2603,33.5,6153,08:48:40.325,0
2021-01-22,2603,33.5,6153,08:48:45.344,0
2021-01-22,2603,33.5,6153,08:48:50.360,0
2021-01-22,2603,33.5,6153,08:48:55.380,0
2021-01-22,2603,33.5,6153,08:49:00.399,0
2021-01-22,2603,33.5,6153,08:49:05.418,0
2021-01-22,2603,33.5,6162,08:49:10.438,0
2021-01-22,2603,33.5,6162,08:49:15.457,0
2021-01-22,2603,33.5,6162,08:49:20.475,0
2021-01-22,2603,33.5,6172,08:49:25.495,0
2021-01-22,2603,33.5,6172,08:49:30.514,0
2021-01-22,2603,33.5,6162,08:49:35.532,0
2021-01-22,2603,33.5,6162,08:49:40.552,0
2021-01-22,2603,33.5,6162,08:49:45.569,0
2021-01-22,2603,33.5,6163,08:49:50.585,0
2021-01-22,2603,33.5,6162,08:49:55.603,0
2021-01-22,2603,33.5,6163,08:50:00.623,0
2021-01-22,2603,33.5,6170,08:50:05.642,0
2021-01-22,2603,33.5,6163,08:50:10.663,0
2021-01-22,2603,33.5,6164,08:50:15.682,0
2021-01-22,2603,33.5,6167,08:50:20.702,0
2021-01-22,2603,33.5,6166,08:50:25.718,0
2021-01-22,2603,33.5,6166,08:50:30.737,0
2021-01-22,2603,33.5,6166,08:50:35.756,0
2021-01-22,2603,33.5,6166,08:50:40.775,0
2021-01-22,2603,33.5,6166,08:50:45.793,0
2021-01-22,2603,33.5,6166,08:50:50.812,0
2021-01-22,2603,33.5,6166,08:50:55.832,0
2021-01-22,2603,33.5,6166,08:51:00.852,0
2021-01-22,2603,33.5,6166,08:51:05.871,0
2021-01-22,2603,33.5,6166,08:51:11.051,0
2021-01-22,2603,33.5,6166,08:51:16.233,0
2021-01-22,2603,33.5,6167,08:51:21.423,0
2021-01-22,2603,33.5,6166,08:51:26.619,0
2021-01-22,2603,33.5,6166,08:51:31.621,0
2021-01-22,2603,33.5,6162,08:51:36.627,0
2021-01-22,2603,33.5,6162,08:51:41.635,0
2021-01-22,2603,33.5,6162,08:51:46.644,0
2021-01-22,2603,33.5,6162,08:51:51.655,0
2021-01-22,2603,33.45,6098,08:51:56.666,0
2021-01-22,2603,33.45,6099,08:52:01.679,0
2021-01-22,2603,33.45,6099,08:52:06.692,0
2021-01-22,2603,33.45,6100,08:52:11.706,0
2021-01-22,2603,33.45,6104,08:52:16.721,0
2021-01-22,2603,33.45,6104,08:52:21.734,0
2021-01-22,2603,33.45,6104,08:52:26.745,0
2021-01-22,2603,33.45,6104,08:52:31.758,0
2021-01-22,2603,33.45,6105,08:52:36.770,0
2021-01-22,2603,33.45,6105,08:52:41.782,0
2021-01-22,2603,33.45,6105,08:52:46.796,0
2021-01-22,2603,33.45,6107,08:52:51.811,0
2021-01-22,2603,33.45,6108,08:52:56.826,0
2021-01-22,2603,33.45,6108,08:53:01.842,0
2021-01-22,2603,33.45,6108,08:53:06.855,0
2021-01-22,2603,33.4,5738,08:53:11.870,0
2021-01-22,2603,33.4,5738,08:53:16.885,0
2021-01-22,2603,33.4,5758,08:53:21.898,0
2021-01-22,2603,33.4,5758,08:53:26.911,0
2021-01-22,2603,33.4,5758,08:53:31.925,0
2021-01-22,2603,33.4,5759,08:53:36.936,0
2021-01-22,2603,33.4,5751,08:53:41.946,0
2021-01-22,2603,33.4,5741,08:53:46.960,0
2021-01-22,2603,33.4,5746,08:53:51.972,0
2021-01-22,2603,33.4,5746,08:53:56.985,0
2021-01-22,2603,33.4,5746,08:54:01.997,0
2021-01-22,2603,33.4,5752,08:54:07.008,0
2021-01-22,2603,33.4,5752,08:54:12.022,0
2021-01-22,2603,33.4,5753,08:54:17.037,0
2021-01-22,2603,33.4,5753,08:54:22.052,0
2021-01-22,2603,33.4,5754,08:54:27.066,0
2021-01-22,2603,33.4,5754,08:54:32.079,0
2021-01-22,2603,33.4,5754,08:54:37.093,0
2021-01-22,2603,33.4,5755,08:54:42.106,0
2021-01-22,2603,33.4,5755,08:54:47.117,0
2021-01-22,2603,33.4,5754,08:54:52.130,0
2021-01-22,2603,33.4,5754,08:54:57.142,0
2021-01-22,2603,33.4,5759,08:55:02.155,0
2021-01-22,2603,33.35,5763,08:55:07.168,0
2021-01-22,2603,33.35,5764,08:55:12.183,0
2021-01-22,2603,33.35,5764,08:55:17.197,0
2021-01-22,2603,33.35,5764,08:55:22.213,0
2021-01-22,2603,33.4,6265,08:55:27.227,0
2021-01-22,2603,33.4,6265,08:55:32.237,0
2021-01-22,2603,33.4,6265,08:55:37.250,0
2021-01-22,2603,33.4,6266,08:55:42.263,0
2021-01-22,2603,33.4,6266,08:55:47.276,0
2021-01-22,2603,33.4,6264,08:55:52.290,0
2021-01-22,2603,33.4,6264,08:55:57.305,0
2021-01-22,2603,33.35,6268,08:56:02.318,0
2021-01-22,2603,33.35,6274,08:56:07.338,0
2021-01-22,2603,33.35,6277,08:56:12.399,0
2021-01-22,2603,33.35,6257,08:56:17.447,0
2021-01-22,2603,33.3,5428,08:56:22.487,0
2021-01-22,2603,33.1,4419,08:56:27.523,0
2021-01-22,2603,33.05,4427,08:56:32.552,0
2021-01-22,2603,33.05,4432,08:56:37.579,0
2021-01-22,2603,32.9,3584,08:56:42.602,0
2021-01-22,2603,32.8,2634,08:56:47.624,0
2021-01-22,2603,32.6,1759,08:56:52.648,0
2021-01-22,2603,32.6,1752,08:56:57.669,0
2021-01-22,2603,32.6,1767,08:57:02.687,0
2021-01-22,2603,32.5,1779,08:57:07.708,0
2021-01-22,2603,32.5,1794,08:57:12.728,0
2021-01-22,2603,32.5,1825,08:57:17.748,0
2021-01-22,2603,32.5,1809,08:57:22.766,0
2021-01-22,2603,32.5,1790,08:57:27.786,0
2021-01-22,2603,32.6,2142,08:57:32.804,0
2021-01-22,2603,32.6,2141,08:57:37.824,0
2021-01-22,2603,32.6,2141,08:57:42.842,0
2021-01-22,2603,32.6,2130,08:57:47.859,0
2021-01-22,2603,32.6,2129,08:57:52.875,0
2021-01-22,2603,32.6,2140,08:57:57.892,0
2021-01-22,2603,32.6,2142,08:58:02.912,0
2021-01-22,2603,32.6,2152,08:58:07.931,0
2021-01-22,2603,32.6,2157,08:58:12.949,0
2021-01-22,2603,32.6,2171,08:58:17.969,0
2021-01-22,2603,32.6,2174,08:58:22.989,0
2021-01-22,2603,32.6,2187,08:58:28.009,0
2021-01-22,2603,32.6,2187,08:58:33.027,0
2021-01-22,2603,32.6,2194,08:58:38.044,0
2021-01-22,2603,32.6,2201,08:58:43.063,0
2021-01-22,2603,32.55,2217,08:58:48.081,0
2021-01-22,2603,32.6,2307,08:58:53.099,0
2021-01-22,2603,32.6,2350,08:58:58.117,0
2021-01-22,2603,32.6,2351,08:59:03.132,0
2021-01-22,2603,32.6,2376,08:59:08.149,0
2021-01-22,2603,32.6,2143,08:59:13.170,0
2021-01-22,2603,32.6,2282,08:59:18.189,0
2021-01-22,2603,32.6,2408,08:59:23.207,0
2021-01-22,2603,32.6,2436,08:59:28.226,0
2021-01-22,2603,32.6,2411,08:59:33.244,0
2021-01-22,2603,32.6,2449,08:59:38.263,0
2021-01-22,2603,32.6,2555,08:59:43.281,0
2021-01-22,2603,32.6,2561,08:59:48.300,0
2021-01-22,2603,32.55,2675,08:59:53.317,0
2021-01-22,2603,32.5,2803,08:59:58.337,0
2021-01-22,2603,32.45,2809,09:00:00.345,1
2021-01-22,2603,32.4,75,09:00:00.386,2
2021-01-22,2603,32.35,6,09:00:00.477,2
2021-01-22,2603,32.35,6,09:00:00.698,2
2021-01-22,2603,32.35,1,09:00:01.077,1
2021-01-22,2603,32.3,14,09:00:01.144,2
2021-01-22,2603,32.3,2,09:00:01.262,2
2021-01-22,2603,32.3,1,09:00:01.365,2
2021-01-22,2603,32.35,5,09:00:01.368,1
2021-01-22,2603,32.3,2,09:00:01.823,2
2021-01-22,2603,32.35,4,09:00:01.850,1
2021-01-22,2603,32.3,2,09:00:02.090,2
2021-01-22,2603,32.3,5,09:00:02.132,2
2021-01-22,2603,32.45,3,09:00:02.403,1
2021-01-22,2603,32.45,1,09:00:02.523,1
2021-01-22,2603,32.3,2,09:00:02.702,2
2021-01-22,2603,32.4,5,09:00:02.905,1
2021-01-22,2603,32.4,1,09:00:03.175,1
2021-01-22,2603,32.3,1,09:00:03.260,2
2021-01-22,2603,32.3,4,09:00:03.420,2
2021-01-22,2603,32.3,82,09:00:03.446,0
2021-01-22,2603,32.35,1,09:00:03.549,1
2021-01-22,2603,32.35,1,09:00:03.623,1
2021-01-22,2603,32.25,5,09:00:03.862,2
2021-01-22,2603,32.3,20,09:00:04.285,1
2021-01-22,2603,32.3,3,09:00:04.290,0
2021-01-22,2603,32.25,5,09:00:04.683,2
2021-01-22,2603,32.3,2,09:00:04.816,1
2021-01-22,2603,32.25,10,09:00:04.912,2
2021-01-22,2603,32.3,1,09:00:05.270,1
2021-01-22,2603,32.25,10,09:00:05.902,2
2021-01-22,2603,32.3,5,09:00:05.915,1
2021-01-22,2603,32.25,1,09:00:05.957,2
2021-01-22,2603,32.3,1,09:00:05.996,1
2021-01-22,2603,32.25,20,09:00:06.368,2
2021-01-22,2603,32.25,7,09:00:06.413,0
2021-01-22,2603,32.2,3,09:00:06.886,2
2021-01-22,2603,32.25,1,09:00:07.221,1
2021-01-22,2603,32.25,10,09:00:07.663,1
2021-01-22,2603,32.2,2,09:00:08.169,2
2021-01-22,2603,32.2,10,09:00:08.204,2
2021-01-22,2603,32.2,5,09:00:09.018,2
2021-01-22,2603,32.2,10,09:00:09.021,2
2021-01-22,2603,32.2,3,09:00:09.222,2
2021-01-22,2603,32.25,3,09:00:09.431,1
2021-01-22,2603,32.2,1,09:00:09.473,2
2021-01-22,2603,32.25,1,09:00:09.564,1
2021-01-22,2603,32.2,5,09:00:09.613,2
2021-01-22,2603,32.2,1,09:00:09.841,2
2021-01-22,2603,32.2,1,09:00:09.855,2
2021-01-22,2603,32.2,20,09:00:10.129,2
2021-01-22,2603,32.2,5,09:00:10.164,2
2021-01-22,2603,32.2,8,09:00:10.313,2
2021-01-22,2603,32.2,12,09:00:10.503,2
2021-01-22,2603,32.2,12,09:00:10.601,0
2021-01-22,2603,32.15,2,09:00:10.862,2
2021-01-22,2603,32.25,1,09:00:11.039,1
2021-01-22,2603,32.25,1,09:00:11.089,1
2021-01-22,2603,32.25,2,09:00:11.227,1
2021-01-22,2603,32.15,10,09:00:11.231,2
2021-01-22,2603,32.15,1,09:00:11.416,2
2021-01-22,2603,32.15,1,09:00:11.610,2
2021-01-22,2603,32.2,1,09:00:12.187,1
2021-01-22,2603,32.15,1,09:00:12.222,2
2021-01-22,2603,32.15,1,09:00:12.330,2
2021-01-22,2603,32.2,1,09:00:12.394,1
2021-01-22,2603,32.15,2,09:00:12.414,2
2021-01-22,2603,32.2,1,09:00:12.562,1
2021-01-22,2603,32.2,2,09:00:12.589,1
2021-01-22,2603,32.15,5,09:00:12.616,2
2021-01-22,2603,32.15,2,09:00:12.751,2
2021-01-22,2603,32.15,1,09:00:12.805,2
2021-01-22,2603,32.2,1,09:00:12.893,1
2021-01-22,2603,32.2,1,09:00:13.031,1
2021-01-22,2603,32.2,1,09:00:13.215,1
2021-01-22,2603,32.15,13,09:00:13.299,2
2021-01-22,2603,32.2,1,09:00:13.363,1
2021-01-22,2603,32.15,1,09:00:13.466,2
2021-01-22,2603,32.15,2,09:00:13.518,2
2021-01-22,2603,32.2,2,09:00:13.579,1
2021-01-22,2603,32.15,4,09:00:13.962,2
2021-01-22,2603,32.15,1,09:00:14.383,2
2021-01-22,2603,32.15,1,09:00:14.517,2
2021-01-22,2603,32.15,1,09:00:14.616,2
2021-01-22,2603,32.15,4,09:00:14.647,2
2021-01-22,2603,32.15,1,09:00:14.740,2
2021-01-22,2603,32.2,22,09:00:14.777,1
2021-01-22,2603,32.2,1,09:00:15.106,2
2021-01-22,2603,32.2,1,09:00:15.135,0
2021-01-22,2603,32.2,1,09:00:15.183,1
2021-01-22,2603,32.2,1,09:00:15.345,1
2021-01-22,2603,32.15,2,09:00:15.473,2
2021-01-22,2603,32.15,6,09:00:15.606,2
2021-01-22,2603,32.15,1,09:00:15.662,2
2021-01-22,2603,32.2,5,09:00:15.671,1
2021-01-22,2603,32.15,5,09:00:15.765,2
2021-01-22,2603,32.2,3,09:00:15.798,1
2021-01-22,2603,32.2,1,09:00:15.859,1
2021-01-22,2603,32.15,10,09:00:16.036,2
2021-01-22,2603,32.2,2,09:00:16.169,1
2021-01-22,2603,32.15,2,09:00:16.365,2
2021-01-22,2603,32.15,2,09:00:16.370,2
2021-01-22,2603,32.15,2,09:00:16.384,2
2021-01-22,2603,32.15,2,09:00:16.478,2
2021-01-22,2603,32.15,5,09:00:16.652,2
2021-01-22,2603,32.2,1,09:00:16.827,1
2021-01-22,2603,32.2,8,09:00:17.011,1
2021-01-22,2603,32.2,1,09:00:17.061,1
2021-01-22,2603,32.2,8,09:00:17.112,0
2021-01-22,2603,32.15,1,09:00:17.333,2
2021-01-22,2603,32.2,2,09:00:17.545,1
2021-01-22,2603,32.2,10,09:00:17.619,1
2021-01-22,2603,32.15,10,09:00:17.630,2
2021-01-22,2603,32.15,1,09:00:17.767,2
2021-01-22,2603,32.2,20,09:00:17.774,1
2021-01-22,2603,32.2,1,09:00:17.896,1
2021-01-22,2603,32.15,1,09:00:18.062,2
2021-01-22,2603,32.2,5,09:00:18.152,1
2021-01-22,2603,32.2,2,09:00:18.353,1
2021-01-22,2603,32.2,1,09:00:18.400,1
2021-01-22,2603,32.15,3,09:00:18.467,2
2021-01-22,2603,32.2,1,09:00:18.494,1
2021-01-22,2603,32.2,2,09:00:18.515,2
2021-01-22,2603,32.2,2,09:00:18.658,0
2021-01-22,2603,32.15,10,09:00:18.682,2
2021-01-22,2603,32.15,1,09:00:18.714,2
2021-01-22,2603,32.15,1,09:00:18.977,2
2021-01-22,2603,32.2,10,09:00:19.001,1
2021-01-22,2603,32.15,1,09:00:19.162,2
2021-01-22,2603,32.15,10,09:00:19.179,2
2021-01-22,2603,32.2,5,09:00:19.705,1
2021-01-22,2603,32.2,4,09:00:19.720,1
2021-01-22,2603,32.15,1,09:00:19.907,2
2021-01-22,2603,32.15,5,09:00:20.275,2
2021-01-22,2603,32.2,1,09:00:20.315,1
2021-01-22,2603,32.2,17,09:00:20.493,1
2021-01-22,2603,32.2,1,09:00:20.574,1
2021-01-22,2603,32.2,2,09:00:20.835,1
2021-01-22,2603,32.15,1,09:00:20.849,2
2021-01-22,2603,32.2,5,09:00:21.241,1
2021-01-22,2603,32.2,2,09:00:21.328,2
2021-01-22,2603,32.2,2,09:00:21.403,0
2021-01-22,2603,32.2,1,09:00:21.534,1
2021-01-22,2603,32.2,1,09:00:21.587,1
2021-01-22,2603,32.2,4,09:00:21.610,0
2021-01-22,2603,32.15,10,09:00:21.755,2
2021-01-22,2603,32.2,1,09:00:21.843,1
2021-01-22,2603,32.2,1,09:00:21.902,1
2021-01-22,2603,32.2,1,09:00:21.945,1
2021-01-22,2603,32.2,5,09:00:22.131,1
2021-01-22,2603,32.2,5,09:00:22.239,0
2021-01-22,2603,32.25,1,09:00:22.241,1
2021-01-22,2603,32.15,2,09:00:22.246,2
2021-01-22,2603,32.2,2,09:00:22.303,1
2021-01-22,2603,32.2,10,09:00:22.571,1
2021-01-22,2603,32.2,5,09:00:22.612,1
2021-01-22,2603,32.2,2,09:00:22.712,1
2021-01-22,2603,32.2,16,09:00:22.774,1
2021-01-22,2603,32.2,1,09:00:22.917,1
2021-01-22,2603,32.15,1,09:00:23.078,2
2021-01-22,2603,32.2,5,09:00:23.156,1
2021-01-22,2603,32.2,1,09:00:23.374,1
2021-01-22,2603,32.15,1,09:00:23.421,2
2021-01-22,2603,32.15,10,09:00:23.612,2
2021-01-22,2603,32.2,13,09:00:23.699,1
2021-01-22,2603,32.2,1,09:00:23.829,2
2021-01-22,2603,32.2,9,09:00:23.967,0
2021-01-22,2603,32.25,20,09:00:24.079,1
2021-01-22,2603,32.2,1,09:00:24.103,2
2021-01-22,2603,32.2,1,09:00:24.156,2
2021-01-22,2603,32.2,8,09:00:24.164,0
2021-01-22,2603,32.2,4,09:00:24.311,1
2021-01-22,2603,32.25,1,09:00:24.336,1
2021-01-22,2603,32.15,3,09:00:24.391,2
2021-01-22,2603,32.15,39,09:00:24.975,2
2021-01-22,2603,32.15,6,09:00:25.104,2
2021-01-22,2603,32.2,5,09:00:25.227,1
2021-01-22,2603,32.15,3,09:00:25.396,2
2021-01-22,2603,32.15,1,09:00:25.419,2
2021-01-22,2603,32.2,5,09:00:25.494,1
2021-01-22,2603,32.2,1,09:00:25.543,2
2021-01-22,2603,32.25,142,09:00:25.570,1
2021-01-22,2603,32.3,1,09:00:25.576,2
2021-01-22,2603,32.3,19,09:00:25.599,0
2021-01-22,2603,32.2,5,09:00:25.608,2
2021-01-22,2603,32.2,1,09:00:25.929,2
2021-01-22,2603,32.2,2,09:00:26.525,2
2021-01-22,2603,32.25,4,09:00:27.161,1
2021-01-22,2603,32.25,5,09:00:27.227,2
2021-01-22,2603,32.25,1,09:00:27.261,0
2021-01-22,2603,32.2,10,09:00:27.269,2
2021-01-22,2603,32.2,1,09:00:27.520,2
2021-01-22,2603,32.3,1,09:00:27.893,1
2021-01-22,2603,32.2,2,09:00:28.215,2
2021-01-22,2603,32.2,10,09:00:28.371,2
2021-01-22,2603,32.2,3,09:00:28.779,2
2021-01-22,2603,32.2,10,09:00:28.891,2
2021-01-22,2603,32.25,1,09:00:29.331,1
2021-01-22,2603,32.3,20,09:00:29.490,1
2021-01-22,2603,32.3,3,09:00:29.793,2
2021-01-22,2603,32.3,40,09:00:29.939,2
2021-01-22,2603,32.3,4,09:00:30.355,2
2021-01-22,2603,32.3,50,09:00:30.470,2
2021-01-22,2603,32.3,1,09:00:30.497,2
2021-01-22,2603,32.3,178,09:00:30.503,2
2021-01-22,2603,32.3,1,09:00:30.579,2
2021-01-22,2603,32.3,2,09:00:30.611,2
2021-01-22,2603,32.3,106,09:00:30.669,0
2021-01-22,2603,32.35,10,09:00:30.892,1
2021-01-22,2603,32.25,5,09:00:31.067,2
2021-01-22,2603,32.35,3,09:00:31.337,1
2021-01-22,2603,32.35,10,09:00:31.402,1
2021-01-22,2603,32.35,6,09:00:31.591,1
2021-01-22,2603,32.25,20,09:00:31.670,2
2021-01-22,2603,32.25,19,09:00:31.905,2
2021-01-22,2603,32.25,15,09:00:31.954,2
2021-01-22,2603,32.25,56,09:00:32.121,0
2021-01-22,2603,32.25,1,09:00:32.412,1
2021-01-22,2603,32.35,7,09:00:32.463,1
2021-01-22,2603,32.25,1,09:00:32.490,2
2021-01-22,2603,32.25,3,09:00:32.495,2
2021-01-22,2603,32.3,1,09:00:32.733,1
2021-01-22,2603,32.35,14,09:00:32.775,1
2021-01-22,2603,32.35,86,09:00:32.802,0
2021-01-22,2603,32.3,1,09:00:32.812,2
2021-01-22,2603,32.3,2,09:00:33.051,2
2021-01-22,2603,32.4,1,09:00:33.531,1
2021-01-22,2603,32.4,5,09:00:33.791,1
2021-01-22,2603,32.4,5,09:00:33.804,0
2021-01-22,2603,32.45,30,09:00:33.946,1
2021-01-22,2603,32.45,1,09:00:34.131,1
2021-01-22,2603,32.3,5,09:00:34.309,2
2021-01-22,2603,32.35,1,09:00:34.542,1
2021-01-22,2603,32.4,3,09:00:35.131,1
2021-01-22,2603,32.4,5,09:00:35.183,2
2021-01-22,2603,32.4,4,09:00:35.364,2
2021-01-22,2603,32.45,20,09:00:35.409,1
2021-01-22,2603,32.4,1,09:00:35.599,2
2021-01-22,2603,32.4,10,09:00:35.639,2
2021-01-22,2603,32.4,2,09:00:35.701,2
2021-01-22,2603,32.4,1,09:00:35.767,2
2021-01-22,2603,32.4,6,09:00:35.854,2
2021-01-22,2603,32.4,5,09:00:35.916,2
2021-01-22,2603,32.45,5,09:00:36.260,1
2021-01-22,2603,32.4,10,09:00:36.408,2
2021-01-22,2603,32.4,4,09:00:36.641,2
2021-01-22,2603,32.4,10,09:00:36.691,2
2021-01-22,2603,32.4,52,09:00:36.870,2
2021-01-22,2603,32.4,26,09:00:36.871,0
2021-01-22,2603,32.4,10,09:00:37.118,1
2021-01-22,2603,32.4,16,09:00:37.212,2
2021-01-22,2603,32.4,2,09:00:37.364,2
2021-01-22,2603,32.45,5,09:00:37.460,1
2021-01-22,2603,32.45,1,09:00:37.571,1
2021-01-22,2603,32.45,1,09:00:37.646,1
2021-01-22,2603,32.4,1,09:00:37.723,2
2021-01-22,2603,32.45,3,09:00:37.826,1
2021-01-22,2603,32.45,3,09:00:38.564,1
2021-01-22,2603,32.4,1,09:00:39.130,2
2021-01-22,2603,32.35,2,09:00:39.164,2
2021-01-22,2603,32.4,2,09:00:39.565,1
2021-01-22,2603,32.45,10,09:00:39.701,1
2021-01-22,2603,32.45,5,09:00:39.743,1
2021-01-22,2603,32.45,2,09:00:39.837,1
2021-01-22,2603,32.45,5,09:00:39.960,1
2021-01-22,2603,32.4,1,09:00:40.021,2
2021-01-22,2603,32.4,15,09:00:40.159,2
2021-01-22,2603,32.4,1,09:00:40.390,2
2021-01-22,2603,32.4,1,09:00:40.526,2
2021-01-22,2603,32.4,2,09:00:40.587,2
2021-01-22,2603,32.45,50,09:00:40.983,1
2021-01-22,2603,32.4,1,09:00:41.380,2
2021-01-22,2603,32.4,3,09:00:41.915,2
2021-01-22,2603,32.45,1,09:00:42.250,1
2021-01-22,2603,32.45,1,09:00:42.281,1
2021-01-22,2603,32.4,15,09:00:42.591,2
2021-01-22,2603,32.45,5,09:00:42.721,1
2021-01-22,2603,32.4,13,09:00:42.831,2
2021-01-22,2603,32.45,3,09:00:42.842,1
2021-01-22,2603,32.45,5,09:00:42.843,1
2021-01-22,2603,32.4,1,09:00:42.871,2
2021-01-22,2603,32.45,1,09:00:43.000,1
2021-01-22,2603,32.4,2,09:00:43.061,2
2021-01-22,2603,32.45,1,09:00:43.745,1
2021-01-22,2603,32.45,1,09:00:43.756,1
2021-01-22,2603,32.45,2,09:00:43.798,1
2021-01-22,2603,32.4,1,09:00:43.839,2
2021-01-22,2603,32.4,5,09:00:43.984,2
2021-01-22,2603,32.45,2,09:00:44.249,1
2021-01-22,2603,32.45,1,09:00:44.385,1
2021-01-22,2603,32.45,1,09:00:44.619,1
2021-01-22,2603,32.45,1,09:00:44.622,1
2021-01-22,2603,32.4,10,09:00:44.707,2
2021-01-22,2603,32.45,2,09:00:44.709,1
2021-01-22,2603,32.45,1,09:00:44.712,1
2021-01-22,2603,32.45,10,09:00:44.759,1
2021-01-22,2603,32.45,5,09:00:44.820,1
2021-01-22,2603,32.45,10,09:00:45.023,1
2021-01-22,2603,32.4,8,09:00:45.134,2
2021-01-22,2603,32.45,1,09:00:45.301,1
2021-01-22,2603,32.45,1,09:00:45.673,1
2021-01-22,2603,32.4,1,09:00:45.681,2
2021-01-22,2603,32.4,3,09:00:46.302,2
2021-01-22,2603,32.4,1,09:00:46.312,2
2021-01-22,2603,32.4,5,09:00:46.325,2
2021-01-22,2603,32.45,2,09:00:46.367,1
2021-01-22,2603,32.4,5,09:00:46.471,2
2021-01-22,2603,32.45,1,09:00:46.519,1
2021-01-22,2603,32.45,1,09:00:46.600,1
2021-01-22,2603,32.45,10,09:00:46.646,1
2021-01-22,2603,32.45,8,09:00:46.694,1
2021-01-22,2603,32.4,3,09:00:46.718,2
2021-01-22,2603,32.4,5,09:00:46.900,2
2021-01-22,2603,32.45,4,09:00:47.170,1
2021-01-22,2603,32.45,6,09:00:47.214,0
2021-01-22,2603,32.5,5,09:00:47.370,1
2021-01-22,2603,32.45,4,09:00:47.417,2
2021-01-22,2603,32.5,3,09:00:47.469,1
2021-01-22,2603,32.5,5,09:00:47.740,1
2021-01-22,2603,32.5,50,09:00:47.810,1
2021-01-22,2603,32.45,37,09:00:47.853,2
2021-01-22,2603,32.45,18,09:00:48.008,1
2021-01-22,2603,32.45,6,09:00:48.161,1
2021-01-22,2603,32.4,5,09:00:48.255,2
2021-01-22,2603,32.45,10,09:00:48.326,1
2021-01-22,2603,32.45,3,09:00:48.360,2
2021-01-22,2603,32.5,1,09:00:48.739,1
2021-01-22,2603,32.45,1,09:00:48.805,2
2021-01-22,2603,32.5,1,09:00:49.050,1
2021-01-22,2603,32.5,3,09:00:49.062,1
2021-01-22,2603,32.5,1,09:00:49.070,1
2021-01-22,2603,32.5,2,09:00:49.128,1
2021-01-22,2603,32.45,1,09:00:49.146,2
2021-01-22,2603,32.5,1,09:00:49.343,1
2021-01-22,2603,32.45,1,09:00:49.469,2
2021-01-22,2603,32.45,2,09:00:49.515,2
2021-01-22,2603,32.45,5,09:00:49.653,2
2021-01-22,2603,32.5,3,09:00:49.761,1
2021-01-22,2603,32.5,50,09:00:49.868,1
2021-01-22,2603,32.5,5,09:00:49.941,1
2021-01-22,2603,32.5,3,09:00:50.016,1
2021-01-22,2603,32.5,1,09:00:50.413,1
2021-01-22,2603,32.5,7,09:00:50.414,1
2021-01-22,2603,32.45,1,09:00:50.433,2
2021-01-22,2603,32.5,20,09:00:50.672,1
2021-01-22,2603,32.45,1,09:00:50.806,2
2021-01-22,2603,32.45,5,09:00:50.899,2
2021-01-22,2603,32.45,1,09:00:50.979,2
2021-01-22,2603,32.5,10,09:00:50.992,1
2021-01-22,2603,32.5,5,09:00:51.316,1
2021-01-22,2603,32.45,1,09:00:51.720,2
2021-01-22,2603,32.5,3,09:00:51.726,1
2021-01-22,2603,32.5,5,09:00:51.792,1
2021-01-22,2603,32.45,4,09:00:51.955,2
2021-01-22,2603,32.45,5,09:00:52.012,2
2021-01-22,2603,32.45,5,09:00:52.201,2
2021-01-22,2603,32.5,3,09:00:52.524,1
2021-01-22,2603,32.5,1,09:00:52.742,1
2021-01-22,2603,32.5,1,09:00:52.779,1
2021-01-22,2603,32.45,5,09:00:53.003,2
2021-01-22,2603,32.5,1,09:00:53.099,1
2021-01-22,2603,32.5,7,09:00:53.424,1
2021-01-22,2603,32.5,2,09:00:53.546,1
2021-01-22,2603,32.45,10,09:00:53.633,2
2021-01-22,2603,32.45,10,09:00:53.714,2
2021-01-22,2603,32.5,5,09:00:53.751,1
2021-01-22,2603,32.45,1,09:00:54.249,2
2021-01-22,2603,32.5,3,09:00:54.434,1
2021-01-22,2603,32.5,5,09:00:54.706,1
2021-01-22,2603,32.5,1,09:00:54.878,1
2021-01-22,2603,32.5,2,09:00:54.891,1
2021-01-22,2603,32.45,1,09:00:55.048,2
2021-01-22,2603,32.45,1,09:00:55.159,2
2021-01-22,2603,32.45,11,09:00:55.209,2
2021-01-22,2603,32.45,1,09:00:55.284,2
2021-01-22,2603,32.45,96,09:00:55.306,0
2021-01-22,2603,32.5,310,09:00:55.373,1
2021-01-22,2603,32.5,8,09:00:55.406,0
2021-01-22,2603,32.55,1,09:00:55.520,1
2021-01-22,2603,32.5,1,09:00:55.550,2
2021-01-22,2603,32.45,5,09:00:55.795,1
2021-01-22,2603,32.4,100,09:00:55.842,2
2021-01-22,2603,32.5,3,09:00:55.863,1
2021-01-22,2603,32.5,2,09:00:55.898,0
2021-01-22,2603,32.4,100,09:00:56.031,2
2021-01-22,2603,32.4,8,09:00:56.058,0
2021-01-22,2603,32.45,5,09:00:56.066,1
2021-01-22,2603,32.45,63,09:00:56.119,2
2021-01-22,2603,32.5,8,09:00:56.143,1
2021-01-22,2603,32.5,1,09:00:56.148,2
2021-01-22,2603,32.5,18,09:00:56.190,1
2021-01-22,2603,32.45,2,09:00:56.196,2
2021-01-22,2603,32.4,5,09:00:56.218,2
2021-01-22,2603,32.45,2,09:00:56.223,1
2021-01-22,2603,32.45,4,09:00:56.432,1
2021-01-22,2603,32.45,2,09:00:56.527,0
2021-01-22,2603,32.35,1,09:00:56.699,2
2021-01-22,2603,32.45,1,09:00:56.724,1
2021-01-22,2603,32.5,1,09:00:56.817,1
2021-01-22,2603,32.5,1,09:00:56.936,1
2021-01-22,2603,32.5,3,09:00:57.140,1
2021-01-22,2603,32.5,2,09:00:57.313,1
2021-01-22,2603,32.45,1,09:00:57.613,2
2021-01-22,2603,32.5,1,09:00:57.760,1
2021-01-22,2603,32.45,2,09:00:57.889,2
2021-01-22,2603,32.45,1,09:00:57.894,1
2021-01-22,2603,32.45,6,09:00:57.912,1
2021-01-22,2603,32.45,2,09:00:58.178,1
2021-01-22,2603,32.45,5,09:00:58.321,1
2021-01-22,2603,32.5,3,09:00:58.393,1
2021-01-22,2603,32.5,1,09:00:58.637,1
2021-01-22,2603,32.5,1,09:00:58.666,1
2021-01-22,2603,32.45,2,09:00:58.675,2
2021-01-22,2603,32.5,10,09:00:59.055,1
2021-01-22,2603,32.5,1,09:00:59.104,1
2021-01-22,2603,32.45,1,09:00:59.117,2
2021-01-22,2603,32.45,7,09:00:59.198,0
2021-01-22,2603,32.5,1,09:00:59.250,1
2021-01-22,2603,32.5,1,09:00:59.335,1
2021-01-22,2603,32.35,100,09:00:59.606,2
2021-01-22,2603,32.45,2,09:00:59.652,1
2021-01-22,2603,32.45,10,09:00:59.918,2
2021-01-22,2603,32.45,1,09:00:59.937,1
2021-01-22,2603,32.45,3,09:01:00.061,1
2021-01-22,2603,32.35,44,09:01:00.235,2
2021-01-22,2603,32.4,3,09:01:00.409,1
2021-01-22,2603,32.45,141,09:01:00.507,1
2021-01-22,2603,32.45,2,09:01:00.770,1
2021-01-22,2603,32.4,4,09:01:00.833,2
2021-01-22,2603,32.45,2,09:01:01.061,1
2021-01-22,2603,32.45,5,09:01:01.107,1
2021-01-22,2603,32.45,2,09:01:01.113,1
2021-01-22,2603,32.45,3,09:01:01.154,1
2021-01-22,2603,32.45,1,09:01:01.385,1
2021-01-22,2603,32.4,3,09:01:01.407,2
2021-01-22,2603,32.45,1,09:01:01.551,1
2021-01-22,2603,32.45,5,09:01:01.705,1
2021-01-22,2603,32.45,1,09:01:01.848,1
2021-01-22,2603,32.45,1,09:01:01.958,1
2021-01-22,2603,32.4,1,09:01:02.057,2
2021-01-22,2603,32.45,5,09:01:02.107,1
2021-01-22,2603,32.45,2,09:01:02.117,1
2021-01-22,2603,32.45,2,09:01:02.200,1
2021-01-22,2603,32.45,1,09:01:02.354,1
2021-01-22,2603,32.45,1,09:01:02.462,1
2021-01-22,2603,32.45,2,09:01:02.558,1
2021-01-22,2603,32.45,20,09:01:02.786,1
2021-01-22,2603,32.4,1,09:01:02.789,2
2021-01-22,2603,32.45,1,09:01:03.002,1
2021-01-22,2603,32.45,3,09:01:03.267,1
2021-01-22,2603,32.45,1,09:01:03.339,1
2021-01-22,2603,32.45,1,09:01:03.344,1
2021-01-22,2603,32.45,20,09:01:03.522,1
2021-01-22,2603,32.4,3,09:01:03.555,2
2021-01-22,2603,32.45,1,09:01:03.633,1
2021-01-22,2603,32.4,1,09:01:03.654,2
2021-01-22,2603,32.45,1,09:01:03.795,1
2021-01-22,2603,32.45,1,09:01:03.806,1
2021-01-22,2603,32.45,98,09:01:03.881,0
2021-01-22,2603,32.4,1,09:01:03.916,2
2021-01-22,2603,32.5,10,09:01:03.968,1
2021-01-22,2603,32.4,20,09:01:04.083,2
2021-01-22,2603,32.4,1,09:01:04.215,2
2021-01-22,2603,32.4,11,09:01:04.371,2
2021-01-22,2603,32.45,1,09:01:04.588,1
2021-01-22,2603,32.4,1,09:01:04.670,2
2021-01-22,2603,32.45,1,09:01:04.779,1
2021-01-22,2603,32.45,3,09:01:04.783,1
2021-01-22,2603,32.4,8,09:01:04.788,2
2021-01-22,2603,32.4,2,09:01:04.902,0
2021-01-22,2603,32.35,25,09:01:04.981,2
2021-01-22,2603,32.5,1,09:01:05.225,1
2021-01-22,2603,32.45,6,09:01:05.257,2
2021-01-22,2603,32.45,5,09:01:05.363,1
2021-01-22,2603,32.45,1,09:01:05.371,1
2021-01-22,2603,32.4,2,09:01:05.372,2
2021-01-22,2603,32.3,1,09:01:05.541,2
2021-01-22,2603,32.4,2,09:01:05.604,1
2021-01-22,2603,32.4,1,09:01:05.613,1
2021-01-22,2603,32.3,100,09:01:05.623,2
2021-01-22,2603,32.3,1,09:01:05.635,2
2021-01-22,2603,32.4,4,09:01:05.637,1
2021-01-22,2603,32.45,1,09:01:05.736,1
2021-01-22,2603,32.45,2,09:01:06.088,1
2021-01-22,2603,32.45,5,09:01:06.315,1
2021-01-22,2603,32.45,3,09:01:06.529,1
2021-01-22,2603,32.4,2,09:01:06.561,2
2021-01-22,2603,32.4,1,09:01:06.567,2
2021-01-22,2603,32.45,3,09:01:06.644,1
2021-01-22,2603,32.45,10,09:01:06.682,1
2021-01-22,2603,32.4,10,09:01:06.705,2
2021-01-22,2603,32.4,1,09:01:06.904,1
2021-01-22,2603,32.3,100,09:01:06.981,2
2021-01-22,2603,32.4,1,09:01:06.984,1
2021-01-22,2603,32.4,1,09:01:07.011,1
2021-01-22,2603,32.3,10,09:01:07.118,2
2021-01-22,2603,32.4,1,09:01:07.156,1
2021-01-22,2603,32.4,1,09:01:07.157,1
2021-01-22,2603,32.4,2,09:01:07.169,2
2021-01-22,2603,32.45,1,09:01:07.528,1
2021-01-22,2603,32.45,3,09:01:07.634,1
2021-01-22,2603,32.4,28,09:01:07.643,2
2021-01-22,2603,32.4,2,09:01:07.900,2
2021-01-22,2603,32.4,3,09:01:07.925,2
2021-01-22,2603,32.45,2,09:01:07.994,1
2021-01-22,2603,32.45,5,09:01:08.001,1
2021-01-22,2603,32.45,3,09:01:08.144,1
2021-01-22,2603,32.45,1,09:01:08.268,1
2021-01-22,2603,32.4,1,09:01:08.441,2
2021-01-22,2603,32.45,1,09:01:08.658,1
2021-01-22,2603,32.45,3,09:01:08.672,1
2021-01-22,2603,32.4,2,09:01:08.800,2
2021-01-22,2603,32.4,1,09:01:09.245,2
2021-01-22,2603,32.45,1,09:01:09.432,1
2021-01-22,2603,32.4,1,09:01:09.764,2
2021-01-22,2603,32.4,2,09:01:09.787,2
2021-01-22,2603,32.45,1,09:01:09.998,1
2021-01-22,2603,32.45,20,09:01:10.092,1
2021-01-22,2603,32.4,10,09:01:10.119,2
2021-01-22,2603,32.45,1,09:01:10.413,1
2021-01-22,2603,32.4,3,09:01:10.486,2
2021-01-22,2603,32.45,5,09:01:10.953,1
2021-01-22,2603,32.45,1,09:01:10.987,1
2021-01-22,2603,32.4,1,09:01:11.051,2
2021-01-22,2603,32.4,91,09:01:11.154,0
2021-01-22,2603,32.4,2,09:01:11.395,1
2021-01-22,2603,32.4,2,09:01:11.397,0
2021-01-22,2603,32.45,10,09:01:11.435,1
2021-01-22,2603,32.4,2,09:01:11.887,2
2021-01-22,2603,32.4,2,09:01:11.923,1
2021-01-22,2603,32.4,1,09:01:12.009,1
2021-01-22,2603,32.4,2,09:01:12.063,1
2021-01-22,2603,32.4,1,09:01:12.270,1
2021-01-22,2603,32.4,5,09:01:12.401,1
2021-01-22,2603,32.4,5,09:01:12.422,1
2021-01-22,2603,32.4,1,09:01:12.529,1
2021-01-22,2603,32.4,2,09:01:12.700,1
2021-01-22,2603,32.4,1,09:01:12.753,1
2021-01-22,2603,32.4,1,09:01:12.847,1
2021-01-22,2603,32.4,1,09:01:12.957,1
2021-01-22,2603,32.4,9,09:01:13.524,1
2021-01-22,2603,32.4,1,09:01:13.611,1
2021-01-22,2603,32.4,25,09:01:13.653,1
2021-01-22,2603,32.4,1,09:01:13.764,1
2021-01-22,2603,32.4,2,09:01:13.821,0
2021-01-22,2603,32.35,3,09:01:13.992,2
2021-01-22,2603,32.35,1,09:01:14.148,2
2021-01-22,2603,32.35,100,09:01:14.334,2
2021-01-22,2603,32.35,59,09:01:14.369,0
2021-01-22,2603,32.4,3,09:01:14.379,1
2021-01-22,2603,32.4,1,09:01:14.640,1
2021-01-22,2603,32.4,4,09:01:14.658,1
2021-01-22,2603,32.3,5,09:01:14.661,2
2021-01-22,2603,32.4,5,09:01:14.771,1
2021-01-22,2603,32.4,2,09:01:15.031,1
2021-01-22,2603,32.4,3,09:01:15.119,1
2021-01-22,2603,32.4,2,09:01:15.153,1
2021-01-22,2603,32.35,2,09:01:15.272,2
2021-01-22,2603,32.3,5,09:01:15.348,2
2021-01-22,2603,32.35,1,09:01:15.648,1
2021-01-22,2603,32.35,5,09:01:15.707,1
2021-01-22,2603,32.35,1,09:01:15.822,1
2021-01-22,2603,32.35,1,09:01:15.850,1
2021-01-22,2603,32.35,1,09:01:15.897,1
2021-01-22,2603,32.35,2,09:01:16.078,1
2021-01-22,2603,32.35,5,09:01:16.383,1
2021-01-22,2603,32.3,1,09:01:16.411,2
2021-01-22,2603,32.35,3,09:01:16.662,1
2021-01-22,2603,32.35,2,09:01:16.758,1
2021-01-22,2603,32.3,10,09:01:17.229,2
2021-01-22,2603,32.3,100,09:01:17.463,2
2021-01-22,2603,32.35,1,09:01:17.744,1
2021-01-22,2603,32.3,20,09:01:17.791,2
2021-01-22,2603,32.3,1,09:01:17.812,2
2021-01-22,2603,32.35,38,09:01:17.864,1
2021-01-22,2603,32.3,18,09:01:18.081,2
2021-01-22,2603,32.3,2,09:01:18.289,2
2021-01-22,2603,32.3,49,09:01:18.391,0
2021-01-22,2603,32.25,1,09:01:18.453,2
2021-01-22,2603,32.25,2,09:01:18.517,2
2021-01-22,2603,32.25,1,09:01:18.535,2
2021-01-22,2603,32.35,1,09:01:18.982,1
2021-01-22,2603,32.25,10,09:01:19.143,2
2021-01-22,2603,32.35,1,09:01:19.215,1
2021-01-22,2603,32.3,1,09:01:19.365,2
2021-01-22,2603,32.3,5,09:01:19.389,2
2021-01-22,2603,32.3,10,09:01:19.555,1
2021-01-22,2603,32.3,1,09:01:19.589,1
2021-01-22,2603,32.3,2,09:01:19.622,0
2021-01-22,2603,32.35,1,09:01:20.114,1
2021-01-22,2603,32.35,1,09:01:20.246,1
2021-01-22,2603,32.35,1,09:01:20.340,1
2021-01-22,2603,32.35,4,09:01:20.358,1
2021-01-22,2603,32.35,5,09:01:20.465,1
2021-01-22,2603,32.3,3,09:01:20.604,2
2021-01-22,2603,32.3,6,09:01:21.080,0
2021-01-22,2603,32.35,10,09:01:21.103,1
2021-01-22,2603,32.25,1,09:01:21.713,2
2021-01-22,2603,32.3,1,09:01:21.807,1
2021-01-22,2603,32.25,3,09:01:21.961,2
2021-01-22,2603,32.3,5,09:01:22.049,1
2021-01-22,2603,32.3,1,09:01:22.116,1
2021-01-22,2603,32.3,10,09:01:22.302,0
2021-01-22,2603,32.35,2,09:01:22.314,1
2021-01-22,2603,32.35,5,09:01:22.348,1
2021-01-22,2603,32.3,3,09:01:22.459,2
2021-01-22,2603,32.25,1,09:01:22.645,2
2021-01-22,2603,32.25,12,09:01:23.067,2
2021-01-22,2603,32.3,10,09:01:23.198,1
2021-01-22,2603,32.3,5,09:01:23.424,1
2021-01-22,2603,32.3,10,09:01:23.692,1
2021-01-22,2603,32.3,1,09:01:23.702,0
2021-01-22,2603,32.35,3,09:01:23.769,1
2021-01-22,2603,32.25,2,09:01:23.819,2
2021-01-22,2603,32.3,10,09:01:24.120,1
2021-01-22,2603,32.3,3,09:01:24.345,1
2021-01-22,2603,32.3,5,09:01:24.410,1
2021-01-22,2603,32.25,5,09:01:24.926,2
2021-01-22,2603,32.3,1,09:01:25.030,1
2021-01-22,2603,32.25,1,09:01:25.094,2
2021-01-22,2603,32.25,10,09:01:25.640,2
2021-01-22,2603,32.25,2,09:01:25.904,2
2021-01-22,2603,32.25,4,09:01:26.085,2
2021-01-22,2603,32.3,1,09:01:26.172,1
2021-01-22,2603,32.25,1,09:01:26.310,2
2021-01-22,2603,32.3,1,09:01:26.361,1
2021-01-22,2603,32.25,1,09:01:26.392,2
2021-01-22,2603,32.3,5,09:01:26.545,1
2021-01-22,2603,32.3,2,09:01:26.560,1
2021-01-22,2603,32.3,1,09:01:26.640,1
2021-01-22,2603,32.25,10,09:01:26.761,2
2021-01-22,2603,32.3,2,09:01:27.128,1
2021-01-22,2603,32.3,1,09:01:27.268,1
2021-01-22,2603,32.3,3,09:01:27.281,1
2021-01-22,2603,32.25,2,09:01:27.364,2
2021-01-22,2603,32.3,1,09:01:27.445,1
2021-01-22,2603,32.25,1,09:01:27.566,2
2021-01-22,2603,32.25,10,09:01:27.619,2
2021-01-22,2603,32.3,5,09:01:27.687,1
2021-01-22,2603,32.3,3,09:01:27.697,1
2021-01-22,2603,32.25,1,09:01:27.780,2
2021-01-22,2603,32.3,10,09:01:27.798,1
2021-01-22,2603,32.25,7,09:01:27.989,2
2021-01-22,2603,32.25,1,09:01:28.204,2
2021-01-22,2603,32.3,2,09:01:28.422,1
2021-01-22,2603,32.25,1,09:01:28.663,2
2021-01-22,2603,32.3,10,09:01:28.705,1
2021-01-22,2603,32.3,10,09:01:28.777,1
2021-01-22,2603,32.25,2,09:01:29.137,2
2021-01-22,2603,32.3,3,09:01:29.276,1
2021-01-22,2603,32.25,1,09:01:29.290,2
2021-01-22,2603,32.3,2,09:01:29.730,1
2021-01-22,2603,32.25,3,09:01:29.914,2
2021-01-22,2603,32.25,1,09:01:29.934,2
2021-01-22,2603,32.3,1,09:01:30.112,1
2021-01-22,2603,32.3,1,09:01:30.322,1
2021-01-22,2603,32.3,58,09:01:30.443,1
2021-01-22,2603,32.3,2,09:01:30.458,1
2021-01-22,2603,32.3,5,09:01:30.491,1
2021-01-22,2603,32.3,2,09:01:30.586,1
2021-01-22,2603,32.3,10,09:01:30.635,1
2021-01-22,2603,32.25,5,09:01:30.823,2
2021-01-22,2603,32.3,10,09:01:31.160,1
2021-01-22,2603,32.25,1,09:01:31.424,2
2021-01-22,2603,32.25,3,09:01:31.495,2
2021-01-22,2603,32.25,100,09:01:31.726,2
2021-01-22,2603,32.25,10,09:01:31.748,2
2021-01-22,2603,32.25,2,09:01:31.946,2
2021-01-22,2603,32.25,2,09:01:32.096,0
2021-01-22,2603,32.2,1,09:01:32.132,2
2021-01-22,2603,32.3,10,09:01:32.174,1
2021-01-22,2603,32.25,1,09:01:32.257,2
2021-01-22,2603,32.3,7,09:01:32.263,1
2021-01-22,2603,32.25,1,09:01:32.294,2
2021-01-22,2603,32.25,1,09:01:32.392,1
2021-01-22,2603,32.25,1,09:01:32.426,1
2021-01-22,2603,32.2,1,09:01:32.505,2
2021-01-22,2603,32.2,100,09:01:32.548,2
2021-01-22,2603,32.25,3,09:01:32.574,1
2021-01-22,2603,32.25,1,09:01:32.726,1
2021-01-22,2603,32.25,18,09:01:32.839,0
2021-01-22,2603,32.3,1,09:01:32.886,2
2021-01-22,2603,32.3,1,09:01:32.954,2
2021-01-22,2603,32.3,14,09:01:32.983,0
2021-01-22,2603,32.25,3,09:01:33.018,2
2021-01-22,2603,32.3,6,09:01:33.488,1
2021-01-22,2603,32.3,1,09:01:33.604,1
2021-01-22,2603,32.25,10,09:01:33.811,2
2021-01-22,2603,32.3,2,09:01:33.900,1
2021-01-22,2603,32.25,9,09:01:33.963,2
2021-01-22,2603,32.3,5,09:01:33.983,1
2021-01-22,2603,32.25,6,09:01:34.137,2
2021-01-22,2603,32.25,1,09:01:34.352,2
2021-01-22,2603,32.25,1,09:01:34.515,0
2021-01-22,2603,32.3,2,09:01:34.863,1
2021-01-22,2603,32.3,2,09:01:34.970,1
2021-01-22,2603,32.2,1,09:01:35.073,2
2021-01-22,2603,32.25,1,09:01:35.133,1
2021-01-22,2603,32.25,1,09:01:35.171,1
2021-01-22,2603,32.25,3,09:01:35.682,2
2021-01-22,2603,32.25,5,09:01:35.822,2
2021-01-22,2603,32.25,1,09:01:35.892,2
2021-01-22,2603,32.3,2,09:01:36.198,1
2021-01-22,2603,32.25,1,09:01:36.257,2
2021-01-22,2603,32.3,5,09:01:36.402,1
2021-01-22,2603,32.25,1,09:01:36.802,2
2021-01-22,2603,32.25,2,09:01:36.897,2
2021-01-22,2603,32.3,5,09:01:36.912,1
2021-01-22,2603,32.3,2,09:01:37.016,1
2021-01-22,2603,32.25,1,09:01:37.420,2
2021-01-22,2603,32.25,1,09:01:37.522,2
2021-01-22,2603,32.25,1,09:01:37.755,2
2021-01-22,2603,32.25,1,09:01:37.980,2
2021-01-22,2603,32.25,2,09:01:38.051,2
2021-01-22,2603,32.3,1,09:01:38.057,1
2021-01-22,2603,32.25,10,09:01:38.144,2
2021-01-22,2603,32.25,1,09:01:38.163,2
2021-01-22,2603,32.3,3,09:01:38.244,1
2021-01-22,2603,32.25,3,09:01:38.817,2
2021-01-22,2603,32.25,1,09:01:38.853,2
2021-01-22,2603,32.25,1,09:01:39.076,2
2021-01-22,2603,32.25,5,09:01:39.221,2
2021-01-22,2603,32.3,1,09:01:39.224,1
2021-01-22,2603,32.25,1,09:01:39.580,2
2021-01-22,2603,32.25,1,09:01:39.701,2
2021-01-22,2603,32.3,1,09:01:40.291,1
2021-01-22,2603,32.3,1,09:01:40.414,1
2021-01-22,2603,32.3,3,09:01:40.518,1
2021-01-22,2603,32.3,3,09:01:40.551,1
2021-01-22,2603,32.25,1,09:01:40.555,2
2021-01-22,2603,32.25,1,09:01:40.612,2
2021-01-22,2603,32.3,5,09:01:40.613,1
2021-01-22,2603,32.3,5,09:01:40.678,1
2021-01-22,2603,32.3,1,09:01:40.755,1
2021-01-22,2603,32.25,4,09:01:41.070,2
2021-01-22,2603,32.25,2,09:01:41.535,2
2021-01-22,2603,32.3,1,09:01:41.625,1
2021-01-22,2603,32.25,1,09:01:41.726,2
2021-01-22,2603,32.25,1,09:01:41.736,2
2021-01-22,2603,32.25,2,09:01:42.019,2
2021-01-22,2603,32.25,93,09:01:42.142,2
2021-01-22,2603,32.25,20,09:01:42.172,0
2021-01-22,2603,32.3,2,09:01:42.244,1
2021-01-22,2603,32.25,2,09:01:42.329,2
2021-01-22,2603,32.25,3,09:01:42.466,1
2021-01-22,2603,32.25,1,09:01:42.514,1
2021-01-22,2603,32.25,1,09:01:42.599,1
2021-01-22,2603,32.25,3,09:01:42.699,1
2021-01-22,2603,32.25,2,09:01:43.245,1
2021-01-22,2603,32.25,4,09:01:43.251,1
2021-01-22,2603,32.25,10,09:01:43.396,1
2021-01-22,2603,32.25,1,09:01:43.481,1
2021-01-22,2603,32.2,1,09:01:43.515,2
2021-01-22,2603,32.2,100,09:01:43.575,2
2021-01-22,2603,32.25,1,09:01:43.613,1
2021-01-22,2603,32.25,1,09:01:43.623,1
2021-01-22,2603,32.25,3,09:01:44.129,1
2021-01-22,2603,32.25,2,09:01:44.133,0
2021-01-22,2603,32.3,5,09:01:44.159,1
2021-01-22,2603,32.3,1,09:01:44.543,1
2021-01-22,2603,32.3,1,09:01:44.971,1
2021-01-22,2603,32.25,3,09:01:44.983,2
2021-01-22,2603,32.25,5,09:01:45.163,2
2021-01-22,2603,32.25,10,09:01:45.313,2
2021-01-22,2603,32.3,5,09:01:45.970,1
2021-01-22,2603,32.25,1,09:01:45.971,2
2021-01-22,2603,32.25,1,09:01:46.200,0
2021-01-22,2603,32.2,6,09:01:46.563,2
2021-01-22,2603,32.2,100,09:01:46.802,2
2021-01-22,2603,32.2,21,09:01:46.821,0
2021-01-22,2603,32.15,5,09:01:46.908,2
2021-01-22,2603,32.25,3,09:01:47.386,1
2021-01-22,2603,32.25,2,09:01:47.519,1
2021-01-22,2603,32.25,2,09:01:47.634,1
2021-01-22,2603,32.25,1,09:01:47.813,1
2021-01-22,2603,32.25,1,09:01:47.995,1
2021-01-22,2603,32.25,2,09:01:48.110,1
2021-01-22,2603,32.2,1,09:01:48.120,2
2021-01-22,2603,32.25,1,09:01:48.244,1
2021-01-22,2603,32.25,5,09:01:48.296,1
2021-01-22,2603,32.2,2,09:01:48.622,2
2021-01-22,2603,32.2,1,09:01:48.678,0
2021-01-22,2603,32.25,30,09:01:49.606,1
2021-01-22,2603,32.25,1,09:01:49.645,1
2021-01-22,2603,32.25,20,09:01:50.817,1
2021-01-22,2603,32.25,1,09:01:51.210,1
2021-01-22,2603,32.25,10,09:01:51.434,1
2021-01-22,2603,32.25,30,09:01:51.627,1
2021-01-22,2603,32.25,1,09:01:51.636,1
2021-01-22,2603,32.25,1,09:01:51.850,1
2021-01-22,2603,32.2,5,09:01:52.085,2
2021-01-22,2603,32.2,2,09:01:52.255,2
2021-01-22,2603,32.25,2,09:01:52.570,1
2021-01-22,2603,32.25,10,09:01:52.919,1
2021-01-22,2603,32.25,5,09:01:53.078,1
2021-01-22,2603,32.25,15,09:01:53.417,1
2021-01-22,2603,32.25,1,09:01:53.615,1
2021-01-22,2603,32.25,100,09:01:53.741,1
2021-01-22,2603,32.25,5,09:01:53.839,1
2021-01-22,2603,32.2,2,09:01:54.057,2
2021-01-22,2603,32.2,20,09:01:54.349,2
2021-01-22,2603,32.25,10,09:01:54.641,1
2021-01-22,2603,32.25,10,09:01:54.727,1
2021-01-22,2603,32.25,1,09:01:54.850,1
2021-01-22,2603,32.25,5,09:01:54.866,1
2021-01-22,2603,32.2,1,09:01:54.940,2
2021-01-22,2603,32.25,1,09:01:54.955,1
2021-01-22,2603,32.2,1,09:01:55.470,2
2021-01-22,2603,32.25,1,09:01:55.608,1
2021-01-22,2603,32.2,1,09:01:55.895,2
2021-01-22,2603,32.2,1,09:01:56.054,2
2021-01-22,2603,32.2,1,09:01:56.064,2
2021-01-22,2603,32.25,5,09:01:56.367,1
2021-01-22,2603,32.25,20,09:01:56.412,1
2021-01-22,2603,32.25,3,09:01:56.664,1
2021-01-22,2603,32.25,2,09:01:56.725,1
2021-01-22,2603,32.25,1,09:01:57.034,1
2021-01-22,2603,32.25,1,09:01:57.178,1
2021-01-22,2603,32.2,1,09:01:57.355,2
2021-01-22,2603,32.2,1,09:01:57.957,2
2021-01-22,2603,32.2,5,09:01:58.002,2
2021-01-22,2603,32.25,1,09:01:58.067,1
2021-01-22,2603,32.25,2,09:01:58.136,1
2021-01-22,2603,32.25,2,09:01:58.434,1
2021-01-22,2603,32.2,10,09:01:58.488,2
2021-01-22,2603,32.25,1,09:01:58.848,1
2021-01-22,2603,32.25,3,09:01:58.918,1
2021-01-22,2603,32.25,100,09:01:58.997,1
2021-01-22,2603,32.2,1,09:01:59.000,2
2021-01-22,2603,32.2,6,09:01:59.453,2
2021-01-22,2603,32.2,5,09:01:59.612,2
2021-01-22,2603,32.25,20,09:01:59.908,1
2021-01-22,2603,32.25,36,09:02:00.090,2
2021-01-22,2603,32.25,9,09:02:00.137,2
2021-01-22,2603,32.25,33,09:02:00.196,2
2021-01-22,2603,32.25,2,09:02:00.475,2
2021-01-22,2603,32.3,20,09:02:00.483,1
2021-01-22,2603,32.25,4,09:02:00.664,2
2021-01-22,2603,32.25,1,09:02:01.090,2
2021-01-22,2603,32.25,1,09:02:01.220,2
2021-01-22,2603,32.25,2,09:02:01.405,2
2021-01-22,2603,32.25,10,09:02:01.424,2
2021-01-22,2603,32.25,1,09:02:01.624,2
2021-01-22,2603,32.25,10,09:02:01.919,1
2021-01-22,2603,32.2,3,09:02:01.933,2
2021-01-22,2603,32.2,1,09:02:02.575,2
2021-01-22,2603,32.2,20,09:02:03.280,2
2021-01-22,2603,32.2,2,09:02:03.349,2
2021-01-22,2603,32.25,2,09:02:03.351,1
2021-01-22,2603,32.2,1,09:02:03.409,2
2021-01-22,2603,32.25,5,09:02:03.500,1
2021-01-22,2603,32.2,3,09:02:03.512,2
2021-01-22,2603,32.25,4,09:02:03.603,1
2021-01-22,2603,32.25,6,09:02:03.606,1
2021-01-22,2603,32.2,6,09:02:03.814,2
2021-01-22,2603,32.25,1,09:02:03.863,1
2021-01-22,2603,32.25,1,09:02:03.951,1
2021-01-22,2603,32.25,1,09:02:03.966,1
2021-01-22,2603,32.2,31,09:02:04.415,2
2021-01-22,2603,32.25,5,09:02:04.483,1
2021-01-22,2603,32.2,6,09:02:04.922,2
2021-01-22,2603,32.2,76,09:02:05.157,0
2021-01-22,2603,32.2,18,09:02:05.203,1
2021-01-22,2603,32.1,1,09:02:05.213,2
2021-01-22,2603,32.15,5,09:02:05.349,1
2021-01-22,2603,32.15,2,09:02:05.355,1
2021-01-22,2603,32.15,1,09:02:05.418,1
2021-01-22,2603,32.15,15,09:02:05.494,1
2021-01-22,2603,32.15,12,09:02:05.685,1
2021-01-22,2603,32.15,210,09:02:05.688,0
2021-01-22,2603,32.25,2,09:02:05.720,1
2021-01-22,2603,32.25,2,09:02:05.721,1
2021-01-22,2603,32.25,15,09:02:05.920,1
2021-01-22,2603,32.25,1,09:02:06.158,1
2021-01-22,2603,32.25,1,09:02:06.267,1
2021-01-22,2603,32.2,1,09:02:06.272,2
2021-01-22,2603,32.25,10,09:02:06.350,1
2021-01-22,2603,32.2,1,09:02:06.384,2
2021-01-22,2603,32.25,5,09:02:06.401,1
2021-01-22,2603,32.25,100,09:02:06.406,1
2021-01-22,2603,32.2,1,09:02:06.613,2
2021-01-22,2603,32.2,1,09:02:07.032,1
2021-01-22,2603,32.2,1,09:02:07.047,1
2021-01-22,2603,32.2,5,09:02:07.084,1
2021-01-22,2603,32.2,5,09:02:07.111,0
2021-01-22,2603,32.2,2,09:02:07.265,1
2021-01-22,2603,32.1,10,09:02:07.541,2
2021-01-22,2603,32.1,5,09:02:07.676,2
2021-01-22,2603,32.2,10,09:02:07.968,1
2021-01-22,2603,32.1,2,09:02:08.021,2
2021-01-22,2603,32.1,5,09:02:08.102,2
2021-01-22,2603,32.2,5,09:02:08.308,1
2021-01-22,2603,32.2,5,09:02:08.345,1
2021-01-22,2603,32.2,4,09:02:08.372,1
2021-01-22,2603,32.15,1,09:02:08.968,2
2021-01-22,2603,32.1,2,09:02:09.053,2
2021-01-22,2603,32.15,2,09:02:09.183,1
2021-01-22,2603,32.1,100,09:02:09.283,2
2021-01-22,2603,32.15,2,09:02:09.563,1
2021-01-22,2603,32.15,1,09:02:09.739,1
2021-01-22,2603,32.1,10,09:02:09.870,2
2021-01-22,2603,32.1,3,09:02:10.094,2
2021-01-22,2603,32.1,100,09:02:10.132,2
2021-01-22,2603,32.1,72,09:02:10.133,2
2021-01-22,2603,32.1,329,09:02:10.163,0
2021-01-22,2603,32.05,1,09:02:10.232,2
2021-01-22,2603,32.15,3,09:02:10.419,1
2021-01-22,2603,32.15,10,09:02:10.674,1
2021-01-22,2603,32.15,2,09:02:10.829,1
2021-01-22,2603,32.15,1,09:02:10.978,1
2021-01-22,2603,32.05,1,09:02:11.195,2
2021-01-22,2603,32.1,1,09:02:11.245,1
2021-01-22,2603,32.05,3,09:02:11.272,2
2021-01-22,2603,32.05,60,09:02:11.506,2
2021-01-22,2603,32.05,6,09:02:11.522,2
2021-01-22,2603,32.05,118,09:02:11.537,0
2021-01-22,2603,32.1,1,09:02:11.639,1
2021-01-22,2603,32,20,09:02:11.788,2
2021-01-22,2603,32,1,09:02:11.837,2
2021-01-22,2603,32,1,09:02:11.873,2
2021-01-22,2603,32,2,09:02:11.889,2
2021-01-22,2603,32,10,09:02:11.962,2
2021-01-22,2603,32.05,1,09:02:12.364,1
2021-01-22,2603,32.1,10,09:02:12.499,1
2021-01-22,2603,32.1,1,09:02:12.573,1
2021-01-22,2603,32.1,1,09:02:12.705,1
2021-01-22,2603,32.1,1,09:02:12.803,1
2021-01-22,2603,32.1,5,09:02:13.007,1
2021-01-22,2603,32.05,1,09:02:13.177,2
2021-01-22,2603,32.05,1,09:02:13.318,1
2021-01-22,2603,32.05,3,09:02:13.623,1
2021-01-22,2603,32,3,09:02:13.662,2
2021-01-22,2603,32.05,1,09:02:13.668,1
2021-01-22,2603,32,8,09:02:14.056,2
2021-01-22,2603,32.05,1,09:02:14.115,1
2021-01-22,2603,32,80,09:02:14.146,2
2021-01-22,2603,32.05,1,09:02:14.160,1
2021-01-22,2603,32.05,1,09:02:14.233,1
2021-01-22,2603,32,100,09:02:14.281,2
2021-01-22,2603,32.05,1,09:02:14.594,1
2021-01-22,2603,32,2,09:02:15.041,2
2021-01-22,2603,32,1,09:02:15.048,2
2021-01-22,2603,32,2,09:02:15.249,2
2021-01-22,2603,32,1,09:02:15.260,2
2021-01-22,2603,32,202,09:02:15.297,0
2021-01-22,2603,31.95,1,09:02:15.366,2
2021-01-22,2603,32.1,1,09:02:15.458,1
2021-01-22,2603,32.1,2,09:02:15.531,1
2021-01-22,2603,32.1,1,09:02:15.576,1
2021-01-22,2603,31.95,1,09:02:15.781,2
2021-01-22,2603,32,1,09:02:15.795,1
2021-01-22,2603,32,5,09:02:15.959,0
2021-01-22,2603,31.95,2,09:02:16.108,2
2021-01-22,2603,31.95,1,09:02:16.419,2
2021-01-22,2603,32,1,09:02:16.448,1
2021-01-22,2603,32,1,09:02:16.634,1
2021-01-22,2603,32,1,09:02:16.831,1
2021-01-22,2603,32,1,09:02:16.832,0
2021-01-22,2603,31.95,1,09:02:16.866,2
2021-01-22,2603,32,2,09:02:17.003,1
2021-01-22,2603,32,3,09:02:17.328,1
2021-01-22,2603,32.05,3,09:02:17.342,1
2021-01-22,2603,32,1,09:02:17.554,2
2021-01-22,2603,32.15,1,09:02:17.645,1
2021-01-22,2603,32.15,3,09:02:17.686,1
2021-01-22,2603,32,4,09:02:17.758,2
2021-01-22,2603,32,1,09:02:17.924,2
2021-01-22,2603,32,1,09:02:18.044,2
2021-01-22,2603,32,1,09:02:18.177,2
2021-01-22,2603,32,1,09:02:18.330,2
2021-01-22,2603,32,10,09:02:18.534,2
2021-01-22,2603,32,5,09:02:18.567,2
2021-01-22,2603,32.05,1,09:02:18.755,1
2021-01-22,2603,32,1,09:02:18.953,2
2021-01-22,2603,32,5,09:02:19.012,2
2021-01-22,2603,32,2,09:02:19.106,2
2021-01-22,2603,32.05,1,09:02:19.145,1
2021-01-22,2603,32,4,09:02:19.286,2
2021-01-22,2603,32.05,1,09:02:19.304,1
2021-01-22,2603,32,1,09:02:19.687,2
2021-01-22,2603,32.05,5,09:02:19.689,1
2021-01-22,2603,32,1,09:02:19.839,2
2021-01-22,2603,32,1,09:02:19.951,0
2021-01-22,2603,32,1,09:02:20.058,1
2021-01-22,2603,32,1,09:02:20.092,0
2021-01-22,2603,32,2,09:02:20.313,1
2021-01-22,2603,32,100,09:02:20.347,0
2021-01-22,2603,32.05,1,09:02:20.366,1
2021-01-22,2603,31.95,1,09:02:20.420,2
2021-01-22,2603,32.05,2,09:02:20.515,1
2021-01-22,2603,32,10,09:02:20.534,2
2021-01-22,2603,32,1,09:02:20.633,1
2021-01-22,2603,31.95,1,09:02:20.708,2
2021-01-22,2603,31.9,5,09:02:21.115,2
2021-01-22,2603,31.95,16,09:02:21.355,1
2021-01-22,2603,32,1,09:02:21.541,1
2021-01-22,2603,32,1,09:02:21.600,1
2021-01-22,2603,32,10,09:02:21.961,1
2021-01-22,2603,32,1,09:02:22.290,1
2021-01-22,2603,31.95,2,09:02:22.489,2
2021-01-22,2603,31.95,1,09:02:22.801,2
2021-01-22,2603,32,7,09:02:22.894,1
2021-01-22,2603,32,3,09:02:22.917,0
2021-01-22,2603,31.95,1,09:02:22.947,2
2021-01-22,2603,32,2,09:02:23.122,1
2021-01-22,2603,32,1,09:02:23.315,1
2021-01-22,2603,31.95,5,09:02:23.318,2
2021-01-22,2603,31.95,1,09:02:23.416,2
2021-01-22,2603,32,5,09:02:23.471,1
2021-01-22,2603,32,5,09:02:23.578,1
2021-01-22,2603,32,1,09:02:23.809,1
2021-01-22,2603,31.95,1,09:02:23.943,2
2021-01-22,2603,32,2,09:02:23.974,1
2021-01-22,2603,32,2,09:02:24.090,1
2021-01-22,2603,32,1,09:02:24.143,1
2021-01-22,2603,31.95,2,09:02:24.220,2
2021-01-22,2603,32,5,09:02:24.350,1
2021-01-22,2603,32,10,09:02:24.805,1
2021-01-22,2603,31.95,7,09:02:24.914,2
2021-01-22,2603,31.95,5,09:02:25.075,2
2021-01-22,2603,31.95,3,09:02:25.174,2
2021-01-22,2603,32,2,09:02:25.731,1
2021-01-22,2603,32,1,09:02:26.019,1
2021-01-22,2603,32,58,09:02:26.091,2
2021-01-22,2603,32,1,09:02:26.164,2
2021-01-22,2603,32,1,09:02:26.221,2
2021-01-22,2603,32,10,09:02:26.433,2
2021-01-22,2603,32,2,09:02:26.521,2
2021-01-22,2603,32,4,09:02:26.582,2
2021-01-22,2603,32,1,09:02:26.625,2
2021-01-22,2603,32,23,09:02:26.659,0
2021-01-22,2603,32,2,09:02:27.034,1
2021-01-22,2603,32,7,09:02:27.123,2
2021-01-22,2603,32,3,09:02:27.125,1
2021-01-22,2603,31.95,1,09:02:27.194,2
2021-01-22,2603,31.95,1,09:02:27.229,2
2021-01-22,2603,31.95,10,09:02:27.275,2
2021-01-22,2603,31.95,3,09:02:27.541,2
2021-01-22,2603,31.95,1,09:02:27.589,2
2021-01-22,2603,31.95,5,09:02:27.861,0
2021-01-22,2603,32,1,09:02:27.949,1
2021-01-22,2603,31.9,10,09:02:27.950,2
2021-01-22,2603,31.9,2,09:02:28.046,2
2021-01-22,2603,31.9,5,09:02:28.236,2
2021-01-22,2603,31.95,1,09:02:28.381,1
2021-01-22,2603,31.9,2,09:02:28.517,2
2021-01-22,2603,31.95,2,09:02:28.619,1
2021-01-22,2603,31.9,2,09:02:28.696,2
2021-01-22,2603,31.95,21,09:02:29.245,1
2021-01-22,2603,31.9,2,09:02:29.366,2
2021-01-22,2603,31.9,2,09:02:29.461,2
2021-01-22,2603,31.9,2,09:02:29.537,2
2021-01-22,2603,32,1,09:02:29.549,1
2021-01-22,2603,31.9,2,09:02:29.652,2
2021-01-22,2603,31.95,3,09:02:29.666,1
2021-01-22,2603,31.9,1,09:02:29.720,2
2021-01-22,2603,31.95,1,09:02:29.731,1
2021-01-22,2603,31.95,1,09:02:29.979,2
2021-01-22,2603,32,1,09:02:29.987,1
2021-01-22,2603,31.95,2,09:02:29.991,2
2021-01-22,2603,31.95,1,09:02:30.148,1
2021-01-22,2603,31.95,2,09:02:30.191,1
2021-01-22,2603,31.95,1,09:02:30.301,1
2021-01-22,2603,31.9,30,09:02:30.403,2
2021-01-22,2603,31.9,2,09:02:30.495,2
2021-01-22,2603,31.95,1,09:02:30.637,1
2021-01-22,2603,31.95,3,09:02:30.644,1
2021-01-22,2603,31.9,4,09:02:30.713,2
2021-01-22,2603,31.9,5,09:02:30.778,2
2021-01-22,2603,31.9,1,09:02:30.878,2
2021-01-22,2603,31.9,132,09:02:31.288,0
2021-01-22,2603,31.95,3,09:02:31.289,1
2021-01-22,2603,31.95,20,09:02:31.330,1
2021-01-22,2603,31.85,2,09:02:31.367,2
2021-01-22,2603,31.85,1,09:02:31.369,2
2021-01-22,2603,31.95,1,09:02:31.655,1
2021-01-22,2603,31.95,1,09:02:31.691,1
2021-01-22,2603,31.95,10,09:02:31.732,1
2021-01-22,2603,31.85,12,09:02:31.988,2
2021-01-22,2603,31.85,2,09:02:32.181,2
2021-01-22,2603,31.85,1,09:02:32.386,2
2021-01-22,2603,31.9,3,09:02:32.424,1
2021-01-22,2603,31.85,1,09:02:32.531,2
2021-01-22,2603,31.9,1,09:02:32.686,1
2021-01-22,2603,31.9,1,09:02:32.708,0
2021-01-22,2603,31.85,2,09:02:32.867,2
2021-01-22,2603,31.95,4,09:02:32.879,1
2021-01-22,2603,31.85,13,09:02:33.146,2
2021-01-22,2603,31.85,1,09:02:33.147,2
2021-01-22,2603,31.9,1,09:02:33.307,1
2021-01-22,2603,31.9,2,09:02:33.326,0
2021-01-22,2603,31.85,2,09:02:33.330,2
2021-01-22,2603,31.85,2,09:02:33.468,2
2021-01-22,2603,31.85,2,09:02:33.816,2
2021-01-22,2603,31.9,1,09:02:34.063,1
2021-01-22,2603,31.85,20,09:02:34.325,2
2021-01-22,2603,31.9,1,09:02:34.436,1
2021-01-22,2603,31.9,1,09:02:34.525,1
2021-01-22,2603,31.9,1,09:02:34.533,1
2021-01-22,2603,31.85,5,09:02:34.549,2
2021-01-22,2603,31.85,1,09:02:34.576,2
2021-01-22,2603,31.85,1,09:02:34.631,1
2021-01-22,2603,31.8,1,09:02:34.972,2
2021-01-22,2603,31.85,2,09:02:35.141,1
2021-01-22,2603,31.85,1,09:02:35.234,2
2021-01-22,2603,31.9,2,09:02:35.574,1
2021-01-22,2603,31.9,1,09:02:35.781,1
2021-01-22,2603,31.9,3,09:02:35.849,1
2021-01-22,2603,31.9,5,09:02:36.001,1
2021-01-22,2603,31.9,1,09:02:36.024,1
2021-01-22,2603,31.9,1,09:02:36.449,1
2021-01-22,2603,31.85,1,09:02:36.684,2
2021-01-22,2603,31.85,4,09:02:36.746,2
2021-01-22,2603,31.9,21,09:02:36.751,1
2021-01-22,2603,31.9,2,09:02:36.779,2
2021-01-22,2603,31.9,1,09:02:36.810,2
2021-01-22,2603,31.9,1,09:02:36.894,2
2021-01-22,2603,31.9,5,09:02:37.112,2
2021-01-22,2603,31.9,1,09:02:37.269,2
2021-01-22,2603,31.9,3,09:02:37.475,2
2021-01-22,2603,31.9,1,09:02:38.099,2
2021-01-22,2603,31.9,130,09:02:38.276,0
2021-01-22,2603,31.85,1,09:02:38.284,2
2021-01-22,2603,31.95,1,09:02:38.415,1
2021-01-22,2603,31.95,20,09:02:38.470,1
2021-01-22,2603,31.9,5,09:02:38.583,2
2021-01-22,2603,31.9,2,09:02:38.599,2
2021-01-22,2603,31.9,2,09:02:38.680,2
2021-01-22,2603,31.9,1,09:02:38.691,0
2021-01-22,2603,31.85,2,09:02:39.072,2
2021-01-22,2603,31.85,1,09:02:39.186,2
2021-01-22,2603,31.85,5,09:02:39.282,2
2021-01-22,2603,31.85,9,09:02:39.513,2
2021-01-22,2603,31.85,9,09:02:39.531,0
2021-01-22,2603,31.9,1,09:02:39.612,1
2021-01-22,2603,31.9,1,09:02:39.821,1
2021-01-22,2603,31.85,2,09:02:39.835,2
2021-01-22,2603,31.85,1,09:02:40.344,1
2021-01-22,2603,31.8,1,09:02:40.450,2
2021-01-22,2603,31.8,2,09:02:40.512,2
2021-01-22,2603,31.85,2,09:02:40.524,1
2021-01-22,2603,31.85,1,09:02:40.599,1
2021-01-22,2603,31.8,1,09:02:40.719,2
2021-01-22,2603,31.85,1,09:02:40.849,1
2021-01-22,2603,31.8,1,09:02:40.881,2
2021-01-22,2603,31.85,1,09:02:40.943,1
2021-01-22,2603,31.8,5,09:02:41.009,2
2021-01-22,2603,31.8,1,09:02:41.041,2
2021-01-22,2603,31.8,5,09:02:41.128,2
2021-01-22,2603,31.85,1,09:02:41.200,1
2021-01-22,2603,31.8,5,09:02:41.233,2
2021-01-22,2603,31.85,1,09:02:41.304,1
2021-01-22,2603,31.8,50,09:02:41.386,2
2021-01-22,2603,31.9,2,09:02:42.063,1
2021-01-22,2603,31.85,4,09:02:42.132,2
2021-01-22,2603,31.9,2,09:02:42.624,1
2021-01-22,2603,31.85,20,09:02:42.930,2
2021-01-22,2603,31.85,3,09:02:43.010,2
2021-01-22,2603,31.85,5,09:02:43.158,2
2021-01-22,2603,31.85,10,09:02:43.281,2
2021-01-22,2603,31.85,1,09:02:43.369,2
2021-01-22,2603,31.85,1,09:02:43.476,2
2021-01-22,2603,31.85,5,09:02:43.530,2
2021-01-22,2603,31.85,8,09:02:43.779,0
2021-01-22,2603,31.85,1,09:02:43.991,1
2021-01-22,2603,31.85,3,09:02:44.105,2
2021-01-22,2603,31.85,1,09:02:44.405,2
2021-01-22,2603,31.8,2,09:02:44.662,2
2021-01-22,2603,31.85,1,09:02:44.667,1
2021-01-22,2603,31.85,3,09:02:44.761,1
2021-01-22,2603,31.8,1,09:02:44.915,2
2021-01-22,2603,31.85,1,09:02:44.966,1
2021-01-22,2603,31.85,1,09:02:45.503,1
2021-01-22,2603,31.8,3,09:02:45.710,2
2021-01-22,2603,31.85,6,09:02:45.947,1
2021-01-22,2603,31.85,1,09:02:46.140,1
2021-01-22,2603,31.85,3,09:02:46.280,1
2021-01-22,2603,31.85,10,09:02:46.348,1
2021-01-22,2603,31.8,1,09:02:46.535,2
2021-01-22,2603,31.8,10,09:02:46.781,2
2021-01-22,2603,31.85,2,09:02:47.013,1
2021-01-22,2603,31.85,2,09:02:47.208,1
2021-01-22,2603,31.85,10,09:02:47.286,1
2021-01-22,2603,31.8,7,09:02:47.368,2
2021-01-22,2603,31.85,1,09:02:47.417,1
2021-01-22,2603,31.85,2,09:02:47.496,2
2021-01-22,2603,31.85,1,09:02:47.514,1
2021-01-22,2603,31.85,1,09:02:47.575,1
2021-01-22,2603,31.8,1,09:02:47.599,2
2021-01-22,2603,31.85,1,09:02:47.713,1
2021-01-22,2603,31.8,1,09:02:47.726,2
2021-01-22,2603,31.85,1,09:02:47.791,1
2021-01-22,2603,31.8,10,09:02:48.223,2
2021-01-22,2603,31.8,1,09:02:48.281,2
2021-01-22,2603,31.8,5,09:02:48.317,2
2021-01-22,2603,31.8,2,09:02:48.319,2
2021-01-22,2603,31.85,1,09:02:48.445,1
2021-01-22,2603,31.8,50,09:02:48.561,2
2021-01-22,2603,31.8,8,09:02:48.666,2
2021-01-22,2603,31.8,2,09:02:48.737,2
2021-01-22,2603,31.8,17,09:02:48.773,2
2021-01-22,2603,31.8,1,09:02:48.942,2
2021-01-22,2603,31.8,14,09:02:48.975,2
2021-01-22,2603,31.85,3,09:02:49.010,1
2021-01-22,2603,31.8,1,09:02:49.037,2
2021-01-22,2603,31.85,2,09:02:49.162,1
2021-01-22,2603,31.8,30,09:02:49.208,2
2021-01-22,2603,31.85,2,09:02:49.230,1
2021-01-22,2603,31.85,2,09:02:49.371,1
2021-01-22,2603,31.85,1,09:02:49.374,1
2021-01-22,2603,31.8,18,09:02:49.496,2
2021-01-22,2603,31.85,5,09:02:49.567,1
2021-01-22,2603,31.8,34,09:02:49.611,2
2021-01-22,2603,31.85,10,09:02:49.704,1
2021-01-22,2603,31.85,5,09:02:49.705,1
2021-01-22,2603,31.8,25,09:02:49.928,2
2021-01-22,2603,31.75,1,09:02:49.939,2
2021-01-22,2603,31.75,1,09:02:49.999,2
2021-01-22,2603,31.8,38,09:02:50.147,1
2021-01-22,2603,31.8,3,09:02:50.170,1
2021-01-22,2603,31.75,1,09:02:50.294,2
2021-01-22,2603,31.75,5,09:02:50.617,2
2021-01-22,2603,31.8,2,09:02:50.798,1
2021-01-22,2603,31.75,50,09:02:50.801,2
2021-01-22,2603,31.75,1,09:02:50.845,2
2021-01-22,2603,31.75,1,09:02:51.059,2
2021-01-22,2603,31.8,1,09:02:51.206,1
2021-01-22,2603,31.8,2,09:02:51.355,1
2021-01-22,2603,31.75,5,09:02:51.476,2
2021-01-22,2603,31.8,10,09:02:51.960,1
2021-01-22,2603,31.75,10,09:02:52.167,2
2021-01-22,2603,31.8,5,09:02:52.358,1
2021-01-22,2603,31.8,1,09:02:52.419,1
2021-01-22,2603,31.8,10,09:02:52.420,1
2021-01-22,2603,31.75,30,09:02:52.428,2
2021-01-22,2603,31.75,2,09:02:52.496,2
2021-01-22,2603,31.8,8,09:02:52.579,1
2021-01-22,2603,31.8,5,09:02:52.694,1
2021-01-22,2603,31.8,7,09:02:52.830,1
2021-01-22,2603,31.8,10,09:02:52.997,1
2021-01-22,2603,31.75,1,09:02:53.496,2
2021-01-22,2603,31.75,3,09:02:53.521,2
2021-01-22,2603,31.75,5,09:02:53.538,2
2021-01-22,2603,31.75,1,09:02:53.762,2
2021-01-22,2603,31.75,9,09:02:53.810,2
2021-01-22,2603,31.75,1,09:02:53.922,2
2021-01-22,2603,31.75,1,09:02:53.949,2
2021-01-22,2603,31.75,10,09:02:54.074,2
2021-01-22,2603,31.75,6,09:02:54.261,2
2021-01-22,2603,31.8,1,09:02:54.266,1
2021-01-22,2603,31.75,3,09:02:54.275,2
2021-01-22,2603,31.75,5,09:02:54.363,2
2021-01-22,2603,31.75,5,09:02:54.437,0
2021-01-22,2603,31.7,1,09:02:54.464,2
2021-01-22,2603,31.7,50,09:02:54.581,2
2021-01-22,2603,31.7,5,09:02:54.592,2
2021-01-22,2603,31.75,2,09:02:54.600,1
2021-01-22,2603,31.75,5,09:02:54.895,2
2021-01-22,2603,31.75,10,09:02:55.031,2
2021-01-22,2603,31.75,1,09:02:55.079,2
2021-01-22,2603,31.8,1,09:02:55.091,1
2021-01-22,2603,31.8,100,09:02:55.147,1
2021-01-22,2603,31.8,65,09:02:55.183,0
2021-01-22,2603,31.75,1,09:02:55.252,2
2021-01-22,2603,31.75,1,09:02:55.459,2
2021-01-22,2603,31.8,5,09:02:55.479,1
2021-01-22,2603,31.8,27,09:02:55.787,2
2021-01-22,2603,31.8,1,09:02:55.920,2
2021-01-22,2603,31.8,2,09:02:55.951,0
2021-01-22,2603,31.75,1,09:02:56.190,1
2021-01-22,2603,31.8,1,09:02:56.405,1
2021-01-22,2603,31.8,1,09:02:56.585,2
2021-01-22,2603,31.8,5,09:02:56.594,2
2021-01-22,2603,31.8,1,09:02:56.707,2
2021-01-22,2603,31.8,5,09:02:56.722,2
2021-01-22,2603,31.8,5,09:02:56.728,2
2021-01-22,2603,31.8,1,09:02:56.824,2
2021-01-22,2603,31.8,2,09:02:56.917,2
2021-01-22,2603,31.8,1,09:02:57.087,2
2021-01-22,2603,31.8,3,09:02:57.265,2
2021-01-22,2603,31.8,5,09:02:57.271,2
2021-01-22,2603,31.8,30,09:02:57.298,2
2021-01-22,2603,31.85,2,09:02:57.333,1
2021-01-22,2603,31.8,2,09:02:57.365,2
2021-01-22,2603,31.8,2,09:02:57.801,2
2021-01-22,2603,31.8,25,09:02:57.857,1
2021-01-22,2603,31.8,1,09:02:57.876,1
2021-01-22,2603,31.75,10,09:02:57.890,2
2021-01-22,2603,31.8,1,09:02:58.008,1
2021-01-22,2603,31.75,4,09:02:58.463,2
2021-01-22,2603,31.75,3,09:02:58.475,2
2021-01-22,2603,31.75,2,09:02:58.502,2
2021-01-22,2603,31.75,3,09:02:58.519,2
2021-01-22,2603,31.8,2,09:02:58.567,1
2021-01-22,2603,31.8,50,09:02:58.724,1
2021-01-22,2603,31.75,2,09:02:58.885,2
2021-01-22,2603,31.75,3,09:02:58.939,2
2021-01-22,2603,31.75,1,09:02:59.133,2
2021-01-22,2603,31.8,1,09:02:59.191,1
2021-01-22,2603,31.75,2,09:02:59.278,2
2021-01-22,2603,31.8,1,09:02:59.389,1
2021-01-22,2603,31.8,1,09:02:59.395,1
2021-01-22,2603,31.8,2,09:02:59.454,1
2021-01-22,2603,31.8,2,09:02:59.467,1
2021-01-22,2603,31.8,1,09:02:59.563,1
2021-01-22,2603,31.75,10,09:02:59.700,2
2021-01-22,2603,31.8,10,09:02:59.720,1
2021-01-22,2603,31.75,4,09:02:59.782,2
2021-01-22,2603,31.8,5,09:02:59.853,1
2021-01-22,2603,31.8,146,09:02:59.861,2
2021-01-22,2603,31.85,174,09:02:59.891,1
2021-01-22,2603,31.8,3,09:02:59.928,2
2021-01-22,2603,31.8,10,09:02:59.938,2
2021-01-22,2603,31.8,10,09:02:59.962,2
2021-01-22,2603,31.8,1,09:03:00.109,2
2021-01-22,2603,31.8,1,09:03:00.125,2
2021-01-22,2603,31.8,8,09:03:00.321,2
2021-01-22,2603,31.8,1,09:03:00.345,2
2021-01-22,2603,31.8,1,09:03:00.349,2
2021-01-22,2603,31.85,5,09:03:00.359,1
2021-01-22,2603,31.8,2,09:03:00.402,2
2021-01-22,2603,31.9,10,09:03:00.426,1
2021-01-22,2603,31.8,1,09:03:00.432,2
2021-01-22,2603,31.85,5,09:03:00.524,1
2021-01-22,2603,31.8,2,09:03:00.528,2
2021-01-22,2603,31.8,5,09:03:00.562,2
2021-01-22,2603,31.8,14,09:03:00.582,1
2021-01-22,2603,31.8,1,09:03:00.613,0
2021-01-22,2603,31.8,20,09:03:00.783,2
2021-01-22,2603,31.8,1,09:03:00.814,2
2021-01-22,2603,31.8,2,09:03:00.816,2
2021-01-22,2603,31.85,3,09:03:00.851,1
2021-01-22,2603,31.85,13,09:03:00.892,2
2021-01-22,2603,31.85,3,09:03:00.904,2
2021-01-22,2603,31.85,2,09:03:00.935,2
2021-01-22,2603,31.85,1,09:03:00.937,2
2021-01-22,2603,31.85,1,09:03:01.149,2
2021-01-22,2603,31.85,1,09:03:01.183,2
2021-01-22,2603,31.85,1,09:03:01.291,2
2021-01-22,2603,31.85,1,09:03:01.314,2
2021-01-22,2603,31.85,1,09:03:01.389,2
2021-01-22,2603,31.85,1,09:03:01.495,2
2021-01-22,2603,31.85,1,09:03:01.507,2
2021-01-22,2603,31.85,10,09:03:01.525,2
2021-01-22,2603,31.85,1,09:03:01.545,2
2021-01-22,2603,31.85,2,09:03:01.549,2
2021-01-22,2603,31.85,3,09:03:01.559,2
2021-01-22,2603,31.85,10,09:03:01.662,2
2021-01-22,2603,31.85,25,09:03:01.678,0
2021-01-22,2603,31.8,20,09:03:01.780,2
2021-01-22,2603,31.9,5,09:03:01.787,1
2021-01-22,2603,31.85,5,09:03:02.010,2
2021-01-22,2603,31.85,2,09:03:02.028,2
2021-01-22,2603,31.85,3,09:03:02.110,0
2021-01-22,2603,31.85,2,09:03:02.209,1
2021-01-22,2603,31.85,1,09:03:02.224,2
2021-01-22,2603,31.9,1,09:03:02.316,1
2021-01-22,2603,31.85,1,09:03:02.426,2
2021-01-22,2603,31.85,5,09:03:02.430,2
2021-01-22,2603,31.9,8,09:03:02.512,1
2021-01-22,2603,31.85,1,09:03:02.525,2
2021-01-22,2603,31.8,2,09:03:02.564,2
2021-01-22,2603,31.8,1,09:03:02.690,2
2021-01-22,2603,31.9,1,09:03:02.828,1
2021-01-22,2603,31.8,10,09:03:02.864,2
2021-01-22,2603,31.8,6,09:03:02.982,1
2021-01-22,2603,31.8,8,09:03:03.015,0
2021-01-22,2603,31.8,2,09:03:03.326,2
2021-01-22,2603,31.8,1,09:03:03.337,0
2021-01-22,2603,31.8,1,09:03:03.424,2
2021-01-22,2603,31.8,5,09:03:03.430,1
2021-01-22,2603,31.8,1,09:03:03.449,1
2021-01-22,2603,31.75,1,09:03:03.475,2
2021-01-22,2603,31.8,1,09:03:03.769,1
2021-01-22,2603,31.8,29,09:03:03.777,0
2021-01-22,2603,31.8,2,09:03:04.029,0
2021-01-22,2603,31.85,2,09:03:04.146,1
2021-01-22,2603,31.85,1,09:03:04.289,0
2021-01-22,2603,31.9,1,09:03:04.447,1
2021-01-22,2603,31.85,3,09:03:04.532,2
2021-01-22,2603,31.9,1,09:03:04.599,1
2021-01-22,2603,31.85,1,09:03:04.614,2
2021-01-22,2603,31.85,2,09:03:04.617,2
2021-01-22,2603,31.85,7,09:03:04.638,0
2021-01-22,2603,31.75,2,09:03:04.675,2
2021-01-22,2603,31.8,3,09:03:04.680,1
2021-01-22,2603,31.8,5,09:03:05.067,1
2021-01-22,2603,31.8,3,09:03:05.100,1
2021-01-22,2603,31.8,3,09:03:05.110,1
2021-01-22,2603,31.75,5,09:03:05.128,2
2021-01-22,2603,31.8,3,09:03:05.253,1
2021-01-22,2603,31.8,2,09:03:05.446,1
2021-01-22,2603,31.8,1,09:03:05.452,1
2021-01-22,2603,31.8,3,09:03:05.641,0
2021-01-22,2603,31.85,6,09:03:05.713,0
2021-01-22,2603,31.85,1,09:03:05.841,2
2021-01-22,2603,31.85,2,09:03:06.062,2
2021-01-22,2603,31.85,1,09:03:06.456,2
2021-01-22,2603,31.85,2,09:03:06.464,2
2021-01-22,2603,31.85,2,09:03:06.600,2
2021-01-22,2603,31.85,5,09:03:06.712,2
2021-01-22,2603,31.85,1,09:03:06.841,2
2021-01-22,2603,31.85,1,09:03:06.939,0
2021-01-22,2603,31.8,10,09:03:06.971,2
2021-01-22,2603,31.8,10,09:03:07.160,2
2021-01-22,2603,31.8,2,09:03:07.328,2
2021-01-22,2603,31.85,1,09:03:07.442,1
2021-01-22,2603,31.8,5,09:03:07.524,2
2021-01-22,2603,31.8,2,09:03:07.737,2
2021-01-22,2603,31.8,1,09:03:08.054,2
2021-01-22,2603,31.8,10,09:03:08.720,2
2021-01-22,2603,31.85,1,09:03:08.781,1
2021-01-22,2603,31.8,1,09:03:08.974,2
2021-01-22,2603,31.8,20,09:03:09.279,2
2021-01-22,2603,31.8,2,09:03:09.936,2
2021-01-22,2603,31.8,10,09:03:09.992,2
2021-01-22,2603,31.8,1,09:03:10.048,2
2021-01-22,2603,31.85,115,09:03:10.682,1
2021-01-22,2603,31.85,1,09:03:10.748,0
2021-01-22,2603,31.8,50,09:03:10.794,2
2021-01-22,2603,31.9,1,09:03:10.826,1
2021-01-22,2603,31.85,1,09:03:10.902,2
2021-01-22,2603,31.85,1,09:03:10.973,2
2021-01-22,2603,31.85,2,09:03:11.004,2
2021-01-22,2603,31.85,2,09:03:11.123,1
2021-01-22,2603,31.85,1,09:03:11.148,0
2021-01-22,2603,31.8,1,09:03:11.183,2
2021-01-22,2603,31.8,1,09:03:11.224,2
2021-01-22,2603,31.85,1,09:03:11.279,1
2021-01-22,2603,31.85,1,09:03:11.296,1
2021-01-22,2603,31.8,5,09:03:11.604,2
2021-01-22,2603,31.85,1,09:03:11.641,1
2021-01-22,2603,31.85,1,09:03:11.854,2
2021-01-22,2603,31.9,2,09:03:11.940,1
2021-01-22,2603,31.85,1,09:03:11.965,2
2021-01-22,2603,31.85,3,09:03:12.078,2
2021-01-22,2603,31.85,1,09:03:12.171,2
2021-01-22,2603,31.85,1,09:03:12.216,2
2021-01-22,2603,31.85,5,09:03:12.313,2
2021-01-22,2603,31.9,1,09:03:12.366,1
2021-01-22,2603,31.85,1,09:03:12.601,2
2021-01-22,2603,31.85,1,09:03:12.627,0
2021-01-22,2603,31.9,313,09:03:12.720,1
2021-01-22,2603,31.9,30,09:03:12.765,0
2021-01-22,2603,31.95,2,09:03:12.780,1
2021-01-22,2603,31.85,5,09:03:13.594,2
2021-01-22,2603,31.85,10,09:03:13.667,2
2021-01-22,2603,31.85,40,09:03:13.946,2
2021-01-22,2603,31.85,1,09:03:14.062,2
2021-01-22,2603,31.85,10,09:03:14.310,2
2021-01-22,2603,31.85,2,09:03:14.333,2
2021-01-22,2603,31.9,1,09:03:14.383,1
2021-01-22,2603,31.9,1,09:03:14.530,2
2021-01-22,2603,31.9,1,09:03:14.626,0
2021-01-22,2603,31.95,5,09:03:14.742,1
2021-01-22,2603,31.85,1,09:03:14.790,2
2021-01-22,2603,31.9,1,09:03:15.230,1
2021-01-22,2603,31.85,1,09:03:15.235,2
2021-01-22,2603,31.85,1,09:03:15.279,2
2021-01-22,2603,31.9,5,09:03:15.505,1
2021-01-22,2603,31.85,1,09:03:15.530,2
2021-01-22,2603,31.85,2,09:03:15.642,2
2021-01-22,2603,31.85,10,09:03:15.756,2
2021-01-22,2603,31.85,1,09:03:15.885,2
2021-01-22,2603,31.9,1,09:03:15.900,1
2021-01-22,2603,31.9,1,09:03:15.984,1
2021-01-22,2603,31.9,3,09:03:16.097,2
2021-01-22,2603,31.95,139,09:03:16.121,1
2021-01-22,2603,31.9,7,09:03:16.137,2
2021-01-22,2603,31.85,1,09:03:16.159,2
2021-01-22,2603,31.9,1,09:03:16.396,1
2021-01-22,2603,31.9,2,09:03:16.507,2
2021-01-22,2603,31.9,1,09:03:16.837,2
2021-01-22,2603,31.9,2,09:03:16.968,2
2021-01-22,2603,31.9,1,09:03:17.100,2
2021-01-22,2603,31.9,5,09:03:17.175,2
2021-01-22,2603,31.9,1,09:03:17.590,2
2021-01-22,2603,31.9,2,09:03:17.771,2
2021-01-22,2603,31.9,1,09:03:17.953,2
2021-01-22,2603,31.9,3,09:03:18.090,2
2021-01-22,2603,31.9,20,09:03:18.104,2
2021-01-22,2603,31.9,1,09:03:18.281,2
2021-01-22,2603,31.9,1,09:03:18.396,2
2021-01-22,2603,31.9,1,09:03:18.471,2
2021-01-22,2603,31.9,5,09:03:18.669,2
2021-01-22,2603,31.95,1,09:03:18.679,1
2021-01-22,2603,31.9,17,09:03:18.790,2
2021-01-22,2603,31.85,1,09:03:18.809,2
2021-01-22,2603,31.95,1,09:03:18.990,1
2021-01-22,2603,31.9,1,09:03:19.095,2
2021-01-22,2603,31.9,2,09:03:19.183,0
2021-01-22,2603,31.85,3,09:03:19.379,2
2021-01-22,2603,31.85,1,09:03:19.390,2
2021-01-22,2603,31.9,1,09:03:19.609,1
2021-01-22,2603,31.9,10,09:03:19.694,0
2021-01-22,2603,31.85,2,09:03:19.798,1
2021-01-22,2603,31.9,2,09:03:19.915,1
2021-01-22,2603,31.85,20,09:03:19.942,2
2021-01-22,2603,31.85,1,09:03:20.251,2
2021-01-22,2603,31.9,1,09:03:20.257,1
2021-01-22,2603,31.9,5,09:03:20.288,2
2021-01-22,2603,31.9,5,09:03:20.378,0
2021-01-22,2603,31.95,1,09:03:20.560,1
2021-01-22,2603,31.95,1,09:03:20.646,1
2021-01-22,2603,31.9,3,09:03:21.290,2
2021-01-22,2603,31.85,1,09:03:21.390,1
2021-01-22,2603,31.9,1,09:03:21.492,1
2021-01-22,2603,31.9,1,09:03:21.545,0
2021-01-22,2603,31.9,2,09:03:21.609,1
2021-01-22,2603,31.9,2,09:03:21.762,0
2021-01-22,2603,31.85,2,09:03:21.889,2
2021-01-22,2603,31.95,6,09:03:21.923,1
2021-01-22,2603,31.9,1,09:03:22.099,2
2021-01-22,2603,31.9,6,09:03:22.124,0
2021-01-22,2603,31.8,2,09:03:22.410,2
2021-01-22,2603,31.9,1,09:03:22.796,1
2021-01-22,2603,31.9,4,09:03:22.810,0
2021-01-22,2603,31.95,2,09:03:22.885,1
2021-01-22,2603,31.95,5,09:03:23.281,1
2021-01-22,2603,31.95,1,09:03:23.927,1
2021-01-22,2603,31.95,2,09:03:23.957,1
2021-01-22,2603,31.9,1,09:03:25.348,2
2021-01-22,2603,31.95,60,09:03:25.541,1
2021-01-22,2603,31.95,1,09:03:25.696,1
2021-01-22,2603,31.95,5,09:03:25.810,1
2021-01-22,2603,31.95,23,09:03:26.226,0
2021-01-22,2603,31.9,2,09:03:26.270,2
2021-01-22,2603,31.9,1,09:03:26.315,2
2021-01-22,2603,32,1,09:03:26.597,1
2021-01-22,2603,31.95,10,09:03:26.775,2
2021-01-22,2603,31.95,13,09:03:27.000,0
2021-01-22,2603,31.95,5,09:03:27.371,1
2021-01-22,2603,31.95,1,09:03:27.550,1
2021-01-22,2603,31.9,2,09:03:27.556,2
2021-01-22,2603,31.9,3,09:03:28.029,2
2021-01-22,2603,31.95,2,09:03:28.408,1
2021-01-22,2603,31.95,1,09:03:28.934,1
2021-01-22,2603,31.95,10,09:03:29.486,1
2021-01-22,2603,31.9,4,09:03:29.525,2
2021-01-22,2603,31.9,5,09:03:29.647,2
2021-01-22,2603,31.95,20,09:03:29.949,1
2021-01-22,2603,31.95,20,09:03:29.981,0
2021-01-22,2603,31.9,2,09:03:30.063,2
2021-01-22,2603,31.95,1,09:03:30.131,1
2021-01-22,2603,32,5,09:03:30.495,1
2021-01-22,2603,31.95,2,09:03:30.690,2
2021-01-22,2603,31.95,1,09:03:30.841,2
2021-01-22,2603,32,2,09:03:30.861,1
2021-01-22,2603,31.95,1,09:03:30.965,2
2021-01-22,2603,31.95,9,09:03:31.023,2
2021-01-22,2603,32,1,09:03:31.153,1
2021-01-22,2603,31.95,2,09:03:31.300,2
2021-01-22,2603,31.9,5,09:03:31.536,2
2021-01-22,2603,31.95,1,09:03:31.932,1
2021-01-22,2603,31.9,2,09:03:32.212,2
2021-01-22,2603,31.9,10,09:03:32.260,2
2021-01-22,2603,32,1,09:03:32.308,1
2021-01-22,2603,32,1,09:03:32.590,1
2021-01-22,2603,31.95,1,09:03:32.647,2
2021-01-22,2603,31.95,1,09:03:32.671,0
2021-01-22,2603,31.9,1,09:03:32.725,2
2021-01-22,2603,31.95,1,09:03:33.213,1
2021-01-22,2603,31.95,1,09:03:33.447,0
2021-01-22,2603,32,1,09:03:34.047,1
2021-01-22,2603,32,2,09:03:34.351,1
2021-01-22,2603,32,6,09:03:34.985,1
2021-01-22,2603,31.95,5,09:03:35.483,2
2021-01-22,2603,31.95,2,09:03:35.900,2
2021-01-22,2603,32,1,09:03:36.078,1
2021-01-22,2603,31.95,28,09:03:36.211,2
2021-01-22,2603,31.95,1,09:03:36.442,1
2021-01-22,2603,31.95,10,09:03:36.609,1
2021-01-22,2603,31.95,2,09:03:37.148,1
2021-01-22,2603,31.95,6,09:03:37.163,1
2021-01-22,2603,31.95,4,09:03:37.314,2
2021-01-22,2603,32,5,09:03:37.326,1
2021-01-22,2603,31.95,2,09:03:37.462,2
2021-01-22,2603,31.95,10,09:03:37.524,2
2021-01-22,2603,31.95,3,09:03:37.529,2
2021-01-22,2603,31.95,12,09:03:37.850,1
2021-01-22,2603,31.9,1,09:03:37.903,2
2021-01-22,2603,31.95,1,09:03:38.030,1
2021-01-22,2603,31.9,40,09:03:38.720,2
2021-01-22,2603,31.95,3,09:03:38.947,1
2021-01-22,2603,31.9,40,09:03:39.037,2
2021-01-22,2603,31.95,1,09:03:39.067,1
2021-01-22,2603,31.95,1,09:03:39.182,1
2021-01-22,2603,31.95,1,09:03:39.253,1
2021-01-22,2603,31.95,10,09:03:39.430,1
2021-01-22,2603,31.95,1,09:03:39.611,1
2021-01-22,2603,31.95,5,09:03:39.661,2
2021-01-22,2603,31.95,1,09:03:39.713,2
2021-01-22,2603,31.95,4,09:03:39.744,0
2021-01-22,2603,31.95,1,09:03:39.918,2
2021-01-22,2603,31.95,4,09:03:40.327,1
2021-01-22,2603,31.95,1,09:03:40.413,2
2021-01-22,2603,31.95,2,09:03:40.464,2
2021-01-22,2603,31.95,1,09:03:40.566,2
2021-01-22,2603,31.95,5,09:03:40.846,2
2021-01-22,2603,32,1,09:03:41.055,1
2021-01-22,2603,31.95,1,09:03:41.091,2
2021-01-22,2603,31.95,5,09:03:41.147,2
2021-01-22,2603,31.95,2,09:03:41.177,2
2021-01-22,2603,32,5,09:03:41.425,1
2021-01-22,2603,32,2,09:03:41.573,1
2021-01-22,2603,31.95,1,09:03:41.750,2
2021-01-22,2603,32,1,09:03:43.012,1
2021-01-22,2603,32,1,09:03:43.413,1
2021-01-22,2603,31.95,3,09:03:43.578,2
2021-01-22,2603,31.95,1,09:03:43.784,2
2021-01-22,2603,31.95,2,09:03:43.851,2
2021-01-22,2603,31.95,1,09:03:44.072,2
2021-01-22,2603,32,5,09:03:45.029,1
2021-01-22,2603,31.95,1,09:03:45.035,2
2021-01-22,2603,31.95,2,09:03:45.158,2
2021-01-22,2603,31.95,1,09:03:45.557,2
2021-01-22,2603,32,1,09:03:45.767,1
2021-01-22,2603,31.95,5,09:03:45.923,2
2021-01-22,2603,31.95,4,09:03:46.451,2
2021-01-22,2603,31.95,3,09:03:46.514,2
2021-01-22,2603,31.95,1,09:03:47.483,2
2021-01-22,2603,31.95,10,09:03:48.118,2
2021-01-22,2603,31.95,5,09:03:48.122,2
2021-01-22,2603,31.95,3,09:03:48.620,2
2021-01-22,2603,31.95,1,09:03:48.641,2
2021-01-22,2603,32,3,09:03:48.684,1
2021-01-22,2603,31.95,10,09:03:49.188,2
2021-01-22,2603,32,1,09:03:49.256,1
2021-01-22,2603,31.95,1,09:03:49.261,2
2021-01-22,2603,31.95,5,09:03:49.481,2
2021-01-22,2603,31.95,2,09:03:49.598,2
2021-01-22,2603,31.95,1,09:03:49.784,2
2021-01-22,2603,32,1,09:03:49.920,1
2021-01-22,2603,32,1,09:03:50.418,1
2021-01-22,2603,31.95,1,09:03:50.659,2
2021-01-22,2603,32,9,09:03:50.945,1
2021-01-22,2603,32,10,09:03:51.392,1
2021-01-22,2603,31.95,1,09:03:51.489,2
2021-01-22,2603,31.95,10,09:03:52.666,2
2021-01-22,2603,31.95,50,09:03:52.907,2
2021-01-22,2603,32,1,09:03:52.958,1
2021-01-22,2603,32,2,09:03:53.190,1
2021-01-22,2603,32,5,09:03:53.543,1
2021-01-22,2603,32,28,09:03:53.683,1
2021-01-22,2603,32,1,09:03:53.800,1
2021-01-22,2603,31.95,5,09:03:54.149,2
2021-01-22,2603,31.95,2,09:03:54.343,2
2021-01-22,2603,31.95,5,09:03:54.378,2
2021-01-22,2603,32,20,09:03:54.379,1
2021-01-22,2603,31.95,1,09:03:54.383,2
2021-01-22,2603,31.95,36,09:03:54.498,2
2021-01-22,2603,32,12,09:03:55.622,1
2021-01-22,2603,31.95,1,09:03:55.746,2
2021-01-22,2603,32,18,09:03:55.766,1
2021-01-22,2603,32,1,09:03:56.330,1
2021-01-22,2603,32,1,09:03:56.886,1
2021-01-22,2603,31.95,1,09:03:57.042,2
2021-01-22,2603,32,10,09:03:57.625,1
2021-01-22,2603,31.95,45,09:03:57.774,2
2021-01-22,2603,32,1,09:03:58.134,1
2021-01-22,2603,32,1,09:03:58.441,1
2021-01-22,2603,32,5,09:03:58.527,1
2021-01-22,2603,31.95,1,09:03:58.552,2
2021-01-22,2603,32,2,09:03:58.915,1
2021-01-22,2603,32,2,09:03:59.335,1
2021-01-22,2603,32,1,09:03:59.602,1
2021-01-22,2603,32,1,09:03:59.794,1
2021-01-22,2603,31.95,1,09:03:59.948,2
2021-01-22,2603,32,3,09:04:00.176,1
2021-01-22,2603,32,2,09:04:00.282,1
2021-01-22,2603,32,30,09:04:00.516,1
2021-01-22,2603,32,20,09:04:00.655,1
2021-01-22,2603,31.95,1,09:04:00.846,2
2021-01-22,2603,32,2,09:04:01.483,1
2021-01-22,2603,32,10,09:04:01.783,1
2021-01-22,2603,32,20,09:04:01.943,1
2021-01-22,2603,32,1,09:04:01.957,1
2021-01-22,2603,32,100,09:04:02.001,1
2021-01-22,2603,32,2,09:04:02.010,1
2021-01-22,2603,32,2,09:04:02.360,1
2021-01-22,2603,32,3,09:04:02.764,1
2021-01-22,2603,32,3,09:04:02.844,1
2021-01-22,2603,32,2,09:04:03.339,1
2021-01-22,2603,31.95,2,09:04:03.495,2
2021-01-22,2603,31.95,2,09:04:03.511,2
2021-01-22,2603,32,2,09:04:03.585,1
2021-01-22,2603,31.95,50,09:04:03.732,2
2021-01-22,2603,31.95,15,09:04:03.973,2
2021-01-22,2603,31.95,152,09:04:04.000,2
2021-01-22,2603,31.95,1,09:04:04.032,0
2021-01-22,2603,31.95,1,09:04:04.105,0
2021-01-22,2603,31.95,6,09:04:04.203,2
2021-01-22,2603,31.95,8,09:04:04.273,0
2021-01-22,2603,32,5,09:04:04.371,1
2021-01-22,2603,31.9,1,09:04:04.524,2
2021-01-22,2603,31.9,1,09:04:04.625,2
2021-01-22,2603,32,1,09:04:04.827,1
2021-01-22,2603,32,2,09:04:05.517,1
2021-01-22,2603,32,2,09:04:05.882,1
2021-01-22,2603,32,5,09:04:06.003,1
2021-01-22,2603,31.95,5,09:04:06.008,2
2021-01-22,2603,32,3,09:04:06.383,1
2021-01-22,2603,32,1,09:04:06.840,1
2021-01-22,2603,32,6,09:04:07.167,1
2021-01-22,2603,31.95,10,09:04:07.346,2
2021-01-22,2603,31.95,1,09:04:07.363,2
2021-01-22,2603,32,1,09:04:07.511,1
2021-01-22,2603,31.95,10,09:04:07.670,2
2021-01-22,2603,32,5,09:04:08.149,1
2021-01-22,2603,32,1,09:04:08.373,1
2021-01-22,2603,32,1,09:04:08.425,1
2021-01-22,2603,32,5,09:04:08.525,1
2021-01-22,2603,31.95,1,09:04:08.580,2
2021-01-22,2603,31.95,1,09:04:08.584,2
2021-01-22,2603,31.95,3,09:04:08.646,2
2021-01-22,2603,31.95,1,09:04:08.666,2
2021-01-22,2603,32,5,09:04:08.913,1
2021-01-22,2603,32,1,09:04:09.169,1
2021-01-22,2603,31.95,5,09:04:09.322,2
2021-01-22,2603,32,3,09:04:09.427,1
2021-01-22,2603,31.95,54,09:04:09.448,2
2021-01-22,2603,31.95,1,09:04:09.523,1
2021-01-22,2603,31.95,5,09:04:09.569,1
2021-01-22,2603,31.95,5,09:04:09.655,1
2021-01-22,2603,31.95,2,09:04:09.690,1
2021-01-22,2603,31.95,2,09:04:09.875,1
2021-01-22,2603,31.95,10,09:04:10.019,1
2021-01-22,2603,31.95,1,09:04:10.033,1
2021-01-22,2603,31.95,3,09:04:10.287,1
2021-01-22,2603,31.95,1,09:04:10.489,1
2021-01-22,2603,31.95,1,09:04:10.929,1
2021-01-22,2603,31.95,2,09:04:10.998,1
2021-01-22,2603,31.95,91,09:04:11.029,2
2021-01-22,2603,31.95,5,09:04:11.070,2
2021-01-22,2603,31.95,5,09:04:11.090,0
2021-01-22,2603,31.95,1,09:04:11.429,1
2021-01-22,2603,31.95,1,09:04:11.592,2
2021-01-22,2603,31.95,2,09:04:11.748,2
2021-01-22,2603,31.95,4,09:04:11.951,2
2021-01-22,2603,31.95,1,09:04:12.053,0
2021-01-22,2603,31.95,2,09:04:12.678,1
2021-01-22,2603,31.95,1,09:04:13.313,2
2021-01-22,2603,31.95,5,09:04:13.768,2
2021-01-22,2603,32,1,09:04:13.813,1
2021-01-22,2603,31.95,7,09:04:13.861,2
2021-01-22,2603,32,2,09:04:14.560,1
2021-01-22,2603,31.95,7,09:04:14.592,2
2021-01-22,2603,31.95,10,09:04:14.807,2
2021-01-22,2603,32,20,09:04:14.901,1
2021-01-22,2603,31.95,4,09:04:14.969,2
2021-01-22,2603,31.9,15,09:04:15.487,2
2021-01-22,2603,31.9,10,09:04:15.827,2
2021-01-22,2603,31.95,1,09:04:15.934,1
2021-01-22,2603,31.9,50,09:04:16.067,2
2021-01-22,2603,31.9,305,09:04:16.098,0
2021-01-22,2603,31.95,2,09:04:16.173,1
2021-01-22,2603,31.95,10,09:04:16.472,1
2021-01-22,2603,31.95,1,09:04:16.653,1
2021-01-22,2603,31.9,18,09:04:16.941,2
2021-01-22,2603,31.9,7,09:04:16.969,0
2021-01-22,2603,31.9,1,09:04:17.372,2
2021-01-22,2603,31.9,1,09:04:17.491,1
2021-01-22,2603,31.9,4,09:04:17.573,0
2021-01-22,2603,31.95,2,09:04:17.911,1
2021-01-22,2603,31.85,20,09:04:18.281,2
2021-01-22,2603,31.95,10,09:04:18.500,1
2021-01-22,2603,31.9,1,09:04:18.876,2
2021-01-22,2603,31.9,2,09:04:19.391,1
2021-01-22,2603,31.85,20,09:04:19.432,2
2021-01-22,2603,31.85,10,09:04:19.625,2
2021-01-22,2603,31.9,6,09:04:19.634,1
2021-01-22,2603,31.9,4,09:04:19.675,0
2021-01-22,2603,31.95,1,09:04:19.680,1
2021-01-22,2603,31.95,1,09:04:19.686,1
2021-01-22,2603,31.85,1,09:04:19.713,2
2021-01-22,2603,31.85,20,09:04:20.220,2
2021-01-22,2603,31.9,1,09:04:20.296,1
2021-01-22,2603,31.85,50,09:04:20.458,2
2021-01-22,2603,31.85,60,09:04:20.737,2
2021-01-22,2603,31.85,100,09:04:20.774,2
2021-01-22,2603,31.85,18,09:04:20.800,0
2021-01-22,2603,31.9,5,09:04:21.089,1
2021-01-22,2603,31.9,2,09:04:21.338,0
2021-01-22,2603,31.95,2,09:04:21.410,1
2021-01-22,2603,31.8,20,09:04:21.507,2
2021-01-22,2603,31.8,1,09:04:21.510,2
2021-01-22,2603,31.9,1,09:04:21.701,1
2021-01-22,2603,31.9,1,09:04:21.756,1
2021-01-22,2603,31.85,5,09:04:22.090,2
2021-01-22,2603,31.8,3,09:04:22.098,2
2021-01-22,2603,31.85,2,09:04:22.174,1
2021-01-22,2603,31.8,50,09:04:22.331,2
2021-01-22,2603,31.8,1,09:04:22.338,2
2021-01-22,2603,31.8,34,09:04:22.395,2
2021-01-22,2603,31.8,12,09:04:22.396,2
2021-01-22,2603,31.85,2,09:04:22.434,1
2021-01-22,2603,31.85,1,09:04:22.435,0
2021-01-22,2603,31.8,4,09:04:22.438,2
2021-01-22,2603,31.8,20,09:04:22.440,2
2021-01-22,2603,31.8,2,09:04:22.441,2
2021-01-22,2603,31.8,20,09:04:22.443,2
2021-01-22,2603,31.8,4,09:04:22.447,2
2021-01-22,2603,31.8,4,09:04:22.533,2
2021-01-22,2603,31.8,2,09:04:22.579,2
2021-01-22,2603,31.8,50,09:04:22.686,2
2021-01-22,2603,31.8,8,09:04:22.723,2
2021-01-22,2603,31.85,10,09:04:22.907,1
2021-01-22,2603,31.8,50,09:04:22.947,2
2021-01-22,2603,31.8,188,09:04:22.982,0
2021-01-22,2603,31.85,32,09:04:22.990,1
2021-01-22,2603,31.75,6,09:04:23.010,2
2021-01-22,2603,31.75,1,09:04:23.056,2
2021-01-22,2603,31.85,1,09:04:23.218,1
2021-01-22,2603,31.85,2,09:04:24.063,1
2021-01-22,2603,31.85,1,09:04:24.144,1
2021-01-22,2603,31.85,10,09:04:24.263,0
2021-01-22,2603,31.9,2,09:04:24.309,1
2021-01-22,2603,31.85,1,09:04:24.434,2
2021-01-22,2603,31.85,1,09:04:24.499,1
2021-01-22,2603,31.8,1,09:04:24.669,2
2021-01-22,2603,31.85,1,09:04:24.746,1
2021-01-22,2603,31.75,2,09:04:24.816,2
2021-01-22,2603,31.75,50,09:04:25.057,2
2021-01-22,2603,31.85,96,09:04:25.157,1
2021-01-22,2603,31.9,3,09:04:25.243,2
2021-01-22,2603,31.9,60,09:04:25.262,2
2021-01-22,2603,31.9,7,09:04:25.281,0
2021-01-22,2603,31.75,5,09:04:25.284,2
2021-01-22,2603,31.8,1,09:04:25.319,1
2021-01-22,2603,31.85,1,09:04:25.492,1
2021-01-22,2603,31.75,3,09:04:25.684,2
2021-01-22,2603,31.8,5,09:04:27.096,1
2021-01-22,2603,31.8,4,09:04:27.124,0
2021-01-22,2603,31.85,6,09:04:27.375,1
2021-01-22,2603,31.85,2,09:04:27.768,2
2021-01-22,2603,31.85,3,09:04:27.799,0
2021-01-22,2603,31.9,1,09:04:28.010,1
2021-01-22,2603,31.8,1,09:04:28.486,2
2021-01-22,2603,31.85,1,09:04:28.528,1
2021-01-22,2603,31.8,2,09:04:28.959,2
2021-01-22,2603,31.8,3,09:04:29.431,2
2021-01-22,2603,31.85,1,09:04:29.537,1
2021-01-22,2603,31.8,3,09:04:30.148,2
2021-01-22,2603,31.8,1,09:04:30.198,2
2021-01-22,2603,31.8,3,09:04:30.646,2
2021-01-22,2603,31.8,5,09:04:30.657,2
2021-01-22,2603,31.8,15,09:04:30.735,0
2021-01-22,2603,31.75,1,09:04:30.799,2
2021-01-22,2603,31.75,5,09:04:30.875,2
2021-01-22,2603,31.85,3,09:04:30.902,1
2021-01-22,2603,31.75,50,09:04:31.020,2
2021-01-22,2603,31.8,1,09:04:31.309,1
2021-01-22,2603,31.8,1,09:04:31.634,2
2021-01-22,2603,31.8,11,09:04:32.125,0
2021-01-22,2603,31.8,7,09:04:33.150,2
2021-01-22,2603,31.85,1,09:04:34.100,1
2021-01-22,2603,31.8,1,09:04:34.142,2
2021-01-22,2603,31.8,20,09:04:34.465,2
2021-01-22,2603,31.8,4,09:04:34.798,1
2021-01-22,2603,31.8,10,09:04:34.888,1
2021-01-22,2603,31.8,15,09:04:35.033,2
2021-01-22,2603,31.8,10,09:04:35.138,2
2021-01-22,2603,31.8,3,09:04:35.352,2
2021-01-22,2603,31.8,20,09:04:35.377,2
2021-01-22,2603,31.8,1,09:04:35.577,2
2021-01-22,2603,31.8,5,09:04:35.694,2
2021-01-22,2603,31.8,10,09:04:36.431,2
2021-01-22,2603,31.8,1,09:04:36.667,2
2021-01-22,2603,31.8,47,09:04:37.123,0
2021-01-22,2603,31.75,1,09:04:37.189,2
2021-01-22,2603,31.8,1,09:04:37.243,1
2021-01-22,2603,31.8,1,09:04:37.434,2
2021-01-22,2603,31.8,5,09:04:37.738,2
2021-01-22,2603,31.8,7,09:04:37.766,0
2021-01-22,2603,31.8,1,09:04:38.350,2
2021-01-22,2603,31.8,1,09:04:38.365,2
2021-01-22,2603,31.85,100,09:04:38.461,1
2021-01-22,2603,31.8,1,09:04:38.573,2
2021-01-22,2603,31.8,2,09:04:38.715,2
2021-01-22,2603,31.8,3,09:04:38.756,2
2021-01-22,2603,31.85,1,09:04:38.934,1
2021-01-22,2603,31.8,4,09:04:39.205,2
2021-01-22,2603,31.85,1,09:04:39.217,1
2021-01-22,2603,31.85,1,09:04:39.327,1
2021-01-22,2603,31.8,10,09:04:39.370,2
2021-01-22,2603,31.8,40,09:04:39.436,2
2021-01-22,2603,31.8,5,09:04:39.963,1
2021-01-22,2603,31.8,1,09:04:40.265,1
2021-01-22,2603,31.8,1,09:04:40.276,1
2021-01-22,2603,31.8,1,09:04:40.415,1
2021-01-22,2603,31.8,1,09:04:40.677,1
2021-01-22,2603,31.8,2,09:04:40.774,1
2021-01-22,2603,31.8,5,09:04:40.812,1
2021-01-22,2603,31.8,2,09:04:40.815,1
2021-01-22,2603,31.8,1,09:04:40.830,1
2021-01-22,2603,31.8,6,09:04:40.846,1
2021-01-22,2603,31.8,5,09:04:40.857,1
2021-01-22,2603,31.8,5,09:04:40.978,1
2021-01-22,2603,31.75,50,09:04:41.099,2
2021-01-22,2603,31.8,5,09:04:41.214,1
2021-01-22,2603,31.75,1,09:04:41.406,2
2021-01-22,2603,31.8,1,09:04:41.412,1
2021-01-22,2603,31.75,50,09:04:41.647,2
2021-01-22,2603,31.8,63,09:04:42.545,1
2021-01-22,2603,31.8,1,09:04:42.612,2
2021-01-22,2603,31.85,4,09:04:42.690,1
2021-01-22,2603,31.8,1,09:04:42.814,2
2021-01-22,2603,31.8,20,09:04:42.868,2
2021-01-22,2603,31.8,5,09:04:42.920,2
2021-01-22,2603,31.8,1,09:04:42.987,2
2021-01-22,2603,31.8,1,09:04:43.263,2
2021-01-22,2603,31.85,1,09:04:43.279,1
2021-01-22,2603,31.8,1,09:04:43.380,2
2021-01-22,2603,31.8,2,09:04:43.845,2
2021-01-22,2603,31.8,5,09:04:44.490,2
2021-01-22,2603,31.85,1,09:04:44.930,1
2021-01-22,2603,31.8,3,09:04:45.263,2
2021-01-22,2603,31.8,2,09:04:45.449,2
2021-01-22,2603,31.8,50,09:04:45.494,2
2021-01-22,2603,31.85,1,09:04:45.591,1
2021-01-22,2603,31.8,93,09:04:46.770,2
2021-01-22,2603,31.8,1,09:04:46.872,1
2021-01-22,2603,31.8,1,09:04:46.995,1
2021-01-22,2603,31.8,1,09:04:47.056,1
2021-01-22,2603,31.8,1,09:04:47.168,1
2021-01-22,2603,31.8,10,09:04:47.837,1
2021-01-22,2603,31.8,1,09:04:47.906,1
2021-01-22,2603,31.75,1,09:04:47.920,2
2021-01-22,2603,31.75,50,09:04:48.163,2
2021-01-22,2603,31.8,3,09:04:48.252,1
2021-01-22,2603,31.75,1,09:04:48.326,2
2021-01-22,2603,31.85,1,09:04:48.416,1
2021-01-22,2603,31.8,3,09:04:48.572,2
2021-01-22,2603,31.8,5,09:04:48.937,1
2021-01-22,2603,31.8,1,09:04:49.041,1
2021-01-22,2603,31.8,10,09:04:49.416,1
2021-01-22,2603,31.8,9,09:04:49.495,2
2021-01-22,2603,31.8,1,09:04:49.500,1
2021-01-22,2603,31.8,1,09:04:49.778,1
2021-01-22,2603,31.75,1,09:04:49.797,2
2021-01-22,2603,31.8,10,09:04:49.825,1
2021-01-22,2603,31.8,1,09:04:49.840,1
2021-01-22,2603,31.75,50,09:04:50.011,2
2021-01-22,2603,31.8,1,09:04:50.220,1
2021-01-22,2603,31.8,2,09:04:50.474,1
2021-01-22,2603,31.8,2,09:04:50.608,1
2021-01-22,2603,31.75,3,09:04:50.944,2
2021-01-22,2603,31.75,20,09:04:50.989,2
2021-01-22,2603,31.75,228,09:04:51.023,2
2021-01-22,2603,31.75,20,09:04:51.053,0
2021-01-22,2603,31.7,10,09:04:51.054,2
2021-01-22,2603,31.7,2,09:04:51.056,2
2021-01-22,2603,31.7,2,09:04:51.058,2
2021-01-22,2603,31.7,3,09:04:51.227,2
2021-01-22,2603,31.75,2,09:04:51.253,1
2021-01-22,2603,31.75,1,09:04:51.258,1
2021-01-22,2603,31.7,40,09:04:51.279,2
2021-01-22,2603,31.8,1,09:04:51.445,1
2021-01-22,2603,31.8,2,09:04:51.449,1
2021-01-22,2603,31.75,1,09:04:52.150,2
2021-01-22,2603,31.7,50,09:04:52.400,2
2021-01-22,2603,31.7,19,09:04:52.513,2
2021-01-22,2603,31.75,1,09:04:52.571,1
2021-01-22,2603,31.7,50,09:04:52.757,2
2021-01-22,2603,31.75,1,09:04:52.796,1
2021-01-22,2603,31.75,5,09:04:52.907,1
2021-01-22,2603,31.7,50,09:04:53.013,2
2021-01-22,2603,31.75,1,09:04:53.220,1
2021-01-22,2603,31.75,20,09:04:53.267,1
2021-01-22,2603,31.75,2,09:04:53.354,1
2021-01-22,2603,31.75,1,09:04:53.611,1
2021-01-22,2603,31.75,1,09:04:53.627,1
2021-01-22,2603,31.75,2,09:04:53.647,1
2021-01-22,2603,31.7,10,09:04:53.702,2
2021-01-22,2603,31.75,1,09:04:53.733,1
2021-01-22,2603,31.7,50,09:04:53.937,2
2021-01-22,2603,31.75,10,09:04:54.117,1
2021-01-22,2603,31.7,15,09:04:54.999,2
2021-01-22,2603,31.7,50,09:04:55.259,2
2021-01-22,2603,31.7,10,09:04:55.278,2
2021-01-22,2603,31.7,2,09:04:55.285,2
2021-01-22,2603,31.75,1,09:04:55.535,1
2021-01-22,2603,31.7,5,09:04:55.634,2
2021-01-22,2603,31.75,10,09:04:55.773,1
2021-01-22,2603,31.75,1,09:04:56.155,1
2021-01-22,2603,31.75,60,09:04:56.268,1
2021-01-22,2603,31.7,5,09:04:56.317,2
2021-01-22,2603,31.7,1,09:04:56.325,2
2021-01-22,2603,31.7,6,09:04:56.406,2
2021-01-22,2603,31.75,1,09:04:56.415,1
2021-01-22,2603,31.7,120,09:04:56.617,2
2021-01-22,2603,31.7,5,09:04:56.770,2
2021-01-22,2603,31.7,4,09:04:56.794,0
2021-01-22,2603,31.7,1,09:04:57.163,1
2021-01-22,2603,31.7,39,09:04:57.224,1
2021-01-22,2603,31.7,4,09:04:57.463,2
2021-01-22,2603,31.7,2,09:04:57.516,1
2021-01-22,2603,31.7,1,09:04:57.601,1
2021-01-22,2603,31.65,2,09:04:57.627,2
2021-01-22,2603,31.65,5,09:04:57.808,2
2021-01-22,2603,31.7,2,09:04:57.821,1
2021-01-22,2603,31.7,10,09:04:57.903,1
2021-01-22,2603,31.7,1,09:04:57.926,1
2021-01-22,2603,31.65,50,09:04:57.992,2
2021-01-22,2603,31.7,2,09:04:58.233,1
2021-01-22,2603,31.7,2,09:04:58.364,1
2021-01-22,2603,31.7,2,09:04:58.585,1
2021-01-22,2603,31.7,1,09:04:58.826,1
2021-01-22,2603,31.65,1,09:04:59.945,2
2021-01-22,2603,31.65,50,09:05:00.114,2
2021-01-22,2603,31.65,1,09:05:00.198,2
2021-01-22,2603,31.65,44,09:05:00.333,0
2021-01-22,2603,31.7,2,09:05:00.488,1
2021-01-22,2603,31.7,1,09:05:01.135,1
2021-01-22,2603,31.65,2,09:05:01.363,2
2021-01-22,2603,31.65,1,09:05:01.422,1
2021-01-22,2603,31.6,1,09:05:01.483,2
2021-01-22,2603,31.65,1,09:05:01.531,1
2021-01-22,2603,31.65,1,09:05:01.678,1
2021-01-22,2603,31.65,1,09:05:01.696,0
2021-01-22,2603,31.6,50,09:05:01.717,2
2021-01-22,2603,31.7,2,09:05:01.777,1
2021-01-22,2603,31.6,2,09:05:01.978,2
2021-01-22,2603,31.65,1,09:05:01.997,1
2021-01-22,2603,31.65,1,09:05:02.032,1
2021-01-22,2603,31.6,50,09:05:02.096,2
2021-01-22,2603,31.6,50,09:05:02.344,2
2021-01-22,2603,31.6,13,09:05:02.353,2
2021-01-22,2603,31.65,1,09:05:02.361,1
2021-01-22,2603,31.65,1,09:05:02.416,1
2021-01-22,2603,31.65,1,09:05:02.429,1
2021-01-22,2603,31.6,50,09:05:02.584,2
2021-01-22,2603,31.6,1,09:05:03.263,2
2021-01-22,2603,31.65,1,09:05:03.332,1
2021-01-22,2603,31.6,2,09:05:03.503,2
2021-01-22,2603,31.65,7,09:05:03.644,1
2021-01-22,2603,31.65,6,09:05:03.790,0
2021-01-22,2603,31.65,1,09:05:04.038,0
2021-01-22,2603,31.6,40,09:05:04.071,2
2021-01-22,2603,31.6,3,09:05:04.143,2
2021-01-22,2603,31.65,5,09:05:04.533,1
2021-01-22,2603,31.65,8,09:05:04.582,1
2021-01-22,2603,31.65,1,09:05:04.618,1
2021-01-22,2603,31.6,3,09:05:04.724,2
2021-01-22,2603,31.65,1,09:05:04.732,1
2021-01-22,2603,31.6,2,09:05:05.079,2
2021-01-22,2603,31.6,10,09:05:05.124,2
2021-01-22,2603,31.6,2,09:05:05.226,2
2021-01-22,2603,31.6,138,09:05:05.348,0
2021-01-22,2603,31.65,1,09:05:05.457,1
2021-01-22,2603,31.6,10,09:05:05.469,2
2021-01-22,2603,31.65,1,09:05:05.746,1
2021-01-22,2603,31.65,10,09:05:05.786,1
2021-01-22,2603,31.65,1,09:05:05.900,1
2021-01-22,2603,31.55,2,09:05:06.020,2
2021-01-22,2603,31.6,10,09:05:06.043,1
2021-01-22,2603,31.55,50,09:05:06.258,2
2021-01-22,2603,31.6,4,09:05:06.525,1
2021-01-22,2603,31.6,1,09:05:06.575,0
2021-01-22,2603,31.55,1,09:05:06.591,2
2021-01-22,2603,31.55,10,09:05:06.651,2
2021-01-22,2603,31.55,3,09:05:06.903,2
2021-01-22,2603,31.6,1,09:05:07.057,1
2021-01-22,2603,31.6,1,09:05:07.394,1
2021-01-22,2603,31.55,3,09:05:07.486,2
2021-01-22,2603,31.55,1,09:05:07.590,2
2021-01-22,2603,31.55,2,09:05:07.609,2
2021-01-22,2603,31.55,1,09:05:07.829,2
2021-01-22,2603,31.55,50,09:05:07.844,2
2021-01-22,2603,31.55,114,09:05:07.888,0
2021-01-22,2603,31.5,2,09:05:07.892,2
2021-01-22,2603,31.6,1,09:05:08.042,1
2021-01-22,2603,31.6,3,09:05:08.043,1
2021-01-22,2603,31.55,1,09:05:08.112,2
2021-01-22,2603,31.55,4,09:05:08.308,0
2021-01-22,2603,31.55,3,09:05:08.456,1
2021-01-22,2603,31.55,2,09:05:08.602,2
2021-01-22,2603,31.6,2,09:05:08.736,1
2021-01-22,2603,31.55,1,09:05:08.958,2
2021-01-22,2603,31.55,7,09:05:08.983,0
2021-01-22,2603,31.5,6,09:05:09.089,2
2021-01-22,2603,31.55,15,09:05:09.305,1
2021-01-22,2603,31.55,2,09:05:09.789,1
2021-01-22,2603,31.55,1,09:05:10.375,2
2021-01-22,2603,31.55,10,09:05:10.465,0
2021-01-22,2603,31.5,5,09:05:10.792,2
2021-01-22,2603,31.6,2,09:05:11.053,1
2021-01-22,2603,31.5,5,09:05:11.165,2
2021-01-22,2603,31.6,100,09:05:11.250,1
2021-01-22,2603,31.5,25,09:05:11.320,2
2021-01-22,2603,31.6,4,09:05:11.860,1
2021-01-22,2603,31.6,1,09:05:11.877,1
2021-01-22,2603,31.55,1,09:05:11.923,2
2021-01-22,2603,31.55,1,09:05:11.991,1
2021-01-22,2603,31.6,12,09:05:12.051,1
2021-01-22,2603,31.6,3,09:05:12.124,1
2021-01-22,2603,31.6,10,09:05:12.255,1
2021-01-22,2603,31.6,1,09:05:12.411,1
2021-01-22,2603,31.55,2,09:05:12.697,2
2021-01-22,2603,31.55,1,09:05:12.720,2
2021-01-22,2603,31.6,1,09:05:12.858,1
2021-01-22,2603,31.55,2,09:05:12.874,2
2021-01-22,2603,31.55,6,09:05:12.926,2
2021-01-22,2603,31.55,15,09:05:13.089,0
2021-01-22,2603,31.55,1,09:05:13.094,1
2021-01-22,2603,31.5,3,09:05:13.847,2
2021-01-22,2603,31.55,3,09:05:13.858,1
2021-01-22,2603,31.55,98,09:05:14.181,1
2021-01-22,2603,31.5,3,09:05:14.462,2
2021-01-22,2603,31.55,4,09:05:14.467,1
2021-01-22,2603,31.5,4,09:05:14.506,2
2021-01-22,2603,31.55,2,09:05:14.537,1
2021-01-22,2603,31.55,27,09:05:14.580,2
2021-01-22,2603,31.55,1,09:05:14.824,2
2021-01-22,2603,31.55,27,09:05:14.935,2
2021-01-22,2603,31.55,11,09:05:14.972,0
2021-01-22,2603,31.55,6,09:05:15.328,0
2021-01-22,2603,31.5,1,09:05:15.360,2
2021-01-22,2603,31.5,5,09:05:15.456,2
2021-01-22,2603,31.55,3,09:05:15.777,1
2021-01-22,2603,31.55,1,09:05:15.813,2
2021-01-22,2603,31.55,1,09:05:15.912,2
2021-01-22,2603,31.55,6,09:05:15.939,0
2021-01-22,2603,31.5,20,09:05:16.005,2
2021-01-22,2603,31.5,10,09:05:16.031,2
2021-01-22,2603,31.6,5,09:05:16.135,1
2021-01-22,2603,31.55,1,09:05:16.345,2
2021-01-22,2603,31.55,1,09:05:16.436,2
2021-01-22,2603,31.55,2,09:05:16.461,2
2021-01-22,2603,31.55,1,09:05:16.539,1
2021-01-22,2603,31.55,3,09:05:16.588,1
2021-01-22,2603,31.55,2,09:05:16.622,1
2021-01-22,2603,31.55,4,09:05:16.694,2
2021-01-22,2603,31.55,2,09:05:16.737,2
2021-01-22,2603,31.6,1,09:05:16.954,1
2021-01-22,2603,31.55,2,09:05:17.004,2
2021-01-22,2603,31.5,1,09:05:17.069,2
2021-01-22,2603,31.5,1,09:05:17.133,2
2021-01-22,2603,31.55,3,09:05:17.158,1
2021-01-22,2603,31.55,4,09:05:17.226,2
2021-01-22,2603,31.55,8,09:05:17.293,0
2021-01-22,2603,31.55,2,09:05:17.390,1
2021-01-22,2603,31.55,5,09:05:17.457,0
2021-01-22,2603,31.5,1,09:05:17.651,2
2021-01-22,2603,31.5,10,09:05:17.658,2
2021-01-22,2603,31.55,1,09:05:17.726,1
2021-01-22,2603,31.6,10,09:05:17.743,1
2021-01-22,2603,31.55,1,09:05:17.822,2
2021-01-22,2603,31.55,1,09:05:17.986,1
2021-01-22,2603,31.55,25,09:05:18.300,1
2021-01-22,2603,31.55,1,09:05:18.824,1
2021-01-22,2603,31.55,1,09:05:19.088,1
2021-01-22,2603,31.55,2,09:05:19.151,1
2021-01-22,2603,31.55,2,09:05:19.225,1
2021-01-22,2603,31.55,1,09:05:19.367,1
2021-01-22,2603,31.55,10,09:05:19.388,1
2021-01-22,2603,31.5,1,09:05:19.389,2
2021-01-22,2603,31.5,2,09:05:19.407,2
2021-01-22,2603,31.5,1,09:05:19.535,2
2021-01-22,2603,31.5,9,09:05:19.536,2
2021-01-22,2603,31.5,1,09:05:19.560,2
2021-01-22,2603,31.5,5,09:05:19.614,2
2021-01-22,2603,31.55,1,09:05:19.640,1
2021-01-22,2603,31.5,50,09:05:19.698,2
2021-01-22,2603,31.5,10,09:05:19.833,2
2021-01-22,2603,31.55,2,09:05:19.868,1
2021-01-22,2603,31.55,4,09:05:19.894,1
2021-01-22,2603,31.5,15,09:05:19.918,2
2021-01-22,2603,31.55,10,09:05:20.381,1
2021-01-22,2603,31.55,1,09:05:20.406,1
2021-01-22,2603,31.5,5,09:05:20.421,2
2021-01-22,2603,31.55,10,09:05:20.444,1
2021-01-22,2603,31.55,2,09:05:20.566,1
2021-01-22,2603,31.55,10,09:05:20.570,1
2021-01-22,2603,31.55,75,09:05:20.880,2
2021-01-22,2603,31.55,10,09:05:20.900,2
2021-01-22,2603,31.55,10,09:05:20.925,2
2021-01-22,2603,31.6,3,09:05:21.018,1
2021-01-22,2603,31.55,1,09:05:21.165,2
2021-01-22,2603,31.55,4,09:05:21.184,1
2021-01-22,2603,31.5,2,09:05:21.258,2
2021-01-22,2603,31.55,8,09:05:21.350,1
2021-01-22,2603,31.55,6,09:05:21.736,0
2021-01-22,2603,31.55,1,09:05:21.918,1
2021-01-22,2603,31.55,1,09:05:22.165,2
2021-01-22,2603,31.55,1,09:05:22.204,2
2021-01-22,2603,31.55,12,09:05:22.309,1
2021-01-22,2603,31.5,2,09:05:22.372,2
2021-01-22,2603,31.5,1,09:05:22.373,2
2021-01-22,2603,31.55,10,09:05:22.487,1
2021-01-22,2603,31.55,1,09:05:22.906,1
2021-01-22,2603,31.55,1,09:05:23.016,1
2021-01-22,2603,31.5,1,09:05:23.047,2
2021-01-22,2603,31.55,2,09:05:23.166,1
2021-01-22,2603,31.5,20,09:05:23.314,2
2021-01-22,2603,31.5,10,09:05:23.328,2
2021-01-22,2603,31.5,5,09:05:23.334,2
2021-01-22,2603,31.5,5,09:05:23.801,2
2021-01-22,2603,31.55,10,09:05:24.046,1
2021-01-22,2603,31.5,5,09:05:24.140,2
2021-01-22,2603,31.5,2,09:05:24.142,2
2021-01-22,2603,31.55,3,09:05:24.347,1
2021-01-22,2603,31.5,1,09:05:24.540,2
2021-01-22,2603,31.5,30,09:05:24.732,2
2021-01-22,2603,31.55,5,09:05:24.816,1
2021-01-22,2603,31.55,50,09:05:24.849,1
2021-01-22,2603,31.5,3,09:05:24.981,2
2021-01-22,2603,31.5,2,09:05:25.002,2
2021-01-22,2603,31.55,1,09:05:25.005,1
2021-01-22,2603,31.5,20,09:05:25.077,2
2021-01-22,2603,31.5,30,09:05:25.339,2
