,date,stock_id,deal_price,volume,Time,TickType
0,2021-01-08,8932,17.55,1,09:03:35.014,2
1,2021-01-08,8932,17.75,7,09:05:26.002,1
2,2021-01-08,8932,17.6,7,09:09:41.232,2
3,2021-01-08,8932,17.75,1,09:22:05.879,1
4,2021-01-08,8932,17.85,1,09:23:48.079,1
5,2021-01-08,8932,17.9,2,09:24:07.991,1
6,2021-01-08,8932,18.15,1,09:24:26.401,1
7,2021-01-08,8932,18.15,3,09:24:47.934,0
8,2021-01-08,8932,18.2,10,09:25:09.953,1
9,2021-01-08,8932,18.2,3,09:25:20.962,2
10,2021-01-08,8932,18.4,3,09:26:35.272,1
11,2021-01-08,8932,18.4,1,09:27:02.749,1
12,2021-01-08,8932,18.3,2,09:27:03.121,2
13,2021-01-08,8932,18.3,1,09:27:12.735,2
14,2021-01-08,8932,18.3,1,09:27:26.838,2
15,2021-01-08,8932,18.3,3,09:27:37.202,1
16,2021-01-08,8932,18.25,1,09:29:26.750,2
17,2021-01-08,8932,18.25,1,09:29:26.788,0
18,2021-01-08,8932,18.2,6,09:29:36.961,2
19,2021-01-08,8932,18.0,1,09:30:07.032,2
20,2021-01-08,8932,18.05,2,09:37:45.873,1
21,2021-01-08,8932,18.05,1,09:38:26.891,0
22,2021-01-08,8932,18.0,26,09:38:40.378,2
23,2021-01-08,8932,18.0,5,09:39:32.505,2
24,2021-01-08,8932,18.0,2,09:39:59.270,2
25,2021-01-08,8932,18.1,5,09:44:03.024,1
26,2021-01-08,8932,18.1,1,09:46:42.413,0
27,2021-01-08,8932,18.2,3,09:50:52.124,1
28,2021-01-08,8932,18.25,3,09:52:39.735,1
29,2021-01-08,8932,18.3,2,09:53:36.234,1
30,2021-01-08,8932,18.3,12,09:54:22.963,2
31,2021-01-08,8932,18.3,1,09:55:42.324,0
32,2021-01-08,8932,18.3,1,10:00:21.646,0
33,2021-01-08,8932,18.3,1,10:04:50.474,0
34,2021-01-08,8932,18.3,1,10:05:53.713,0
35,2021-01-08,8932,18.3,2,10:06:13.700,1
36,2021-01-08,8932,18.3,2,10:06:21.535,1
37,2021-01-08,8932,18.3,1,10:06:26.284,1
38,2021-01-08,8932,18.25,2,10:06:29.353,2
39,2021-01-08,8932,18.3,2,10:06:29.715,1
40,2021-01-08,8932,18.3,2,10:06:32.920,1
41,2021-01-08,8932,18.35,1,10:06:33.500,1
42,2021-01-08,8932,18.3,2,10:06:40.104,2
43,2021-01-08,8932,18.35,2,10:06:42.795,1
44,2021-01-08,8932,18.35,2,10:06:47.490,1
45,2021-01-08,8932,18.35,2,10:06:48.876,1
46,2021-01-08,8932,18.35,2,10:06:49.844,0
47,2021-01-08,8932,18.4,2,10:06:50.523,1
48,2021-01-08,8932,18.4,2,10:06:54.888,0
49,2021-01-08,8932,18.45,1,10:06:56.008,1
50,2021-01-08,8932,18.45,2,10:06:58.374,0
51,2021-01-08,8932,18.5,2,10:07:00.127,1
52,2021-01-08,8932,18.5,1,10:07:03.039,1
53,2021-01-08,8932,18.5,3,10:07:05.115,1
54,2021-01-08,8932,18.5,1,10:07:05.960,1
55,2021-01-08,8932,18.5,2,10:07:08.343,1
56,2021-01-08,8932,18.5,1,10:07:08.480,1
57,2021-01-08,8932,18.5,2,10:07:08.856,1
58,2021-01-08,8932,18.5,2,10:07:09.309,1
59,2021-01-08,8932,18.5,2,10:07:10.645,1
60,2021-01-08,8932,18.5,1,10:07:11.377,1
61,2021-01-08,8932,18.5,2,10:07:12.076,1
62,2021-01-08,8932,18.5,2,10:07:12.318,1
63,2021-01-08,8932,18.5,2,10:07:12.956,1
64,2021-01-08,8932,18.5,2,10:07:13.171,1
65,2021-01-08,8932,18.5,2,10:07:13.375,1
66,2021-01-08,8932,18.5,2,10:07:13.905,1
67,2021-01-08,8932,18.5,1,10:07:13.994,1
68,2021-01-08,8932,18.5,2,10:07:14.502,1
69,2021-01-08,8932,18.5,1,10:07:14.939,1
70,2021-01-08,8932,18.5,2,10:07:15.001,1
71,2021-01-08,8932,18.5,2,10:07:15.908,1
72,2021-01-08,8932,18.5,2,10:07:16.178,1
73,2021-01-08,8932,18.5,2,10:07:17.031,1
74,2021-01-08,8932,18.5,2,10:07:17.233,0
75,2021-01-08,8932,18.55,2,10:07:22.787,1
76,2021-01-08,8932,18.55,2,10:07:25.122,1
77,2021-01-08,8932,18.55,5,10:07:28.254,1
78,2021-01-08,8932,18.55,2,10:07:31.696,1
79,2021-01-08,8932,18.55,2,10:07:33.378,1
80,2021-01-08,8932,18.55,1,10:07:36.746,0
81,2021-01-08,8932,18.55,4,10:07:38.788,1
82,2021-01-08,8932,18.55,1,10:07:39.039,1
83,2021-01-08,8932,18.55,2,10:07:43.081,1
84,2021-01-08,8932,18.55,1,10:07:43.935,1
85,2021-01-08,8932,18.55,2,10:07:46.498,1
86,2021-01-08,8932,18.55,2,10:07:46.683,1
87,2021-01-08,8932,18.55,2,10:07:49.322,1
88,2021-01-08,8932,18.55,2,10:07:52.447,1
89,2021-01-08,8932,18.55,1,10:07:54.891,1
90,2021-01-08,8932,18.55,2,10:07:56.881,1
91,2021-01-08,8932,18.55,2,10:08:01.172,1
92,2021-01-08,8932,18.55,2,10:08:04.558,1
93,2021-01-08,8932,18.55,1,10:08:04.872,1
94,2021-01-08,8932,18.55,2,10:08:07.357,1
95,2021-01-08,8932,18.55,2,10:08:07.894,1
96,2021-01-08,8932,18.55,4,10:08:08.187,1
97,2021-01-08,8932,18.55,1,10:08:13.899,1
98,2021-01-08,8932,18.55,2,10:08:18.903,1
99,2021-01-08,8932,18.55,2,10:08:24.165,1
100,2021-01-08,8932,18.55,5,10:08:24.753,1
101,2021-01-08,8932,18.55,2,10:08:26.727,1
102,2021-01-08,8932,18.55,1,10:08:28.644,2
103,2021-01-08,8932,18.6,2,10:08:34.500,1
104,2021-01-08,8932,18.6,1,10:08:42.068,1
105,2021-01-08,8932,18.6,1,10:08:42.485,1
106,2021-01-08,8932,18.6,2,10:09:00.722,1
107,2021-01-08,8932,18.6,3,10:09:01.968,2
108,2021-01-08,8932,18.65,1,10:09:38.854,1
109,2021-01-08,8932,18.65,1,10:10:09.583,0
110,2021-01-08,8932,18.7,2,10:10:35.054,1
111,2021-01-08,8932,18.7,10,10:10:42.883,1
112,2021-01-08,8932,18.7,2,10:10:45.481,1
113,2021-01-08,8932,18.7,3,10:10:49.439,1
114,2021-01-08,8932,18.7,4,10:10:56.855,1
115,2021-01-08,8932,18.7,20,10:11:06.851,0
116,2021-01-08,8932,18.7,3,10:11:33.878,1
117,2021-01-08,8932,18.7,5,10:11:35.315,1
118,2021-01-08,8932,18.7,2,10:11:53.970,0
119,2021-01-08,8932,18.7,1,10:12:20.599,2
120,2021-01-08,8932,18.75,6,10:12:31.308,1
121,2021-01-08,8932,18.8,1,10:12:51.169,1
122,2021-01-08,8932,18.8,1,10:13:34.652,1
123,2021-01-08,8932,18.8,1,10:14:00.532,2
124,2021-01-08,8932,18.8,1,10:14:07.166,0
125,2021-01-08,8932,18.85,1,10:14:31.987,1
126,2021-01-08,8932,18.85,1,10:14:43.403,0
127,2021-01-08,8932,18.8,3,10:15:08.669,2
128,2021-01-08,8932,18.8,3,10:15:12.066,1
129,2021-01-08,8932,18.8,2,10:15:28.575,1
130,2021-01-08,8932,18.7,5,10:15:46.162,2
131,2021-01-08,8932,18.7,1,10:16:32.283,2
132,2021-01-08,8932,18.7,3,10:16:40.409,2
133,2021-01-08,8932,18.7,5,10:16:48.981,2
134,2021-01-08,8932,18.7,1,10:16:54.998,1
135,2021-01-08,8932,18.65,3,10:17:22.865,2
136,2021-01-08,8932,18.65,1,10:18:49.681,2
137,2021-01-08,8932,18.65,1,10:19:02.516,2
138,2021-01-08,8932,18.7,1,10:21:05.054,1
139,2021-01-08,8932,18.7,9,10:21:15.308,2
140,2021-01-08,8932,18.7,3,10:23:49.430,0
141,2021-01-08,8932,18.7,1,10:26:48.099,2
142,2021-01-08,8932,18.7,2,10:27:19.743,2
143,2021-01-08,8932,18.7,2,10:27:21.056,0
144,2021-01-08,8932,18.7,1,10:30:57.821,2
145,2021-01-08,8932,18.7,2,10:32:38.212,0
146,2021-01-08,8932,18.65,1,10:34:01.338,2
147,2021-01-08,8932,18.65,7,10:35:56.733,0
148,2021-01-08,8932,18.6,1,10:36:26.191,2
149,2021-01-08,8932,18.65,2,10:36:40.917,1
150,2021-01-08,8932,18.65,5,10:40:41.324,2
151,2021-01-08,8932,18.65,3,10:41:05.674,0
152,2021-01-08,8932,18.65,1,10:41:35.310,0
153,2021-01-08,8932,18.6,1,10:42:00.172,2
154,2021-01-08,8932,18.6,4,10:42:31.858,2
155,2021-01-08,8932,18.7,1,10:51:24.081,1
156,2021-01-08,8932,18.75,1,10:51:33.186,1
157,2021-01-08,8932,18.75,1,10:51:35.137,2
158,2021-01-08,8932,18.75,1,10:51:38.130,0
159,2021-01-08,8932,18.8,5,10:53:08.367,1
160,2021-01-08,8932,18.8,1,10:54:16.367,1
161,2021-01-08,8932,18.75,2,10:55:38.341,2
162,2021-01-08,8932,18.75,1,11:01:46.336,2
163,2021-01-08,8932,18.8,2,11:02:21.068,1
164,2021-01-08,8932,18.8,2,11:03:04.198,1
165,2021-01-08,8932,18.8,2,11:03:09.194,1
166,2021-01-08,8932,18.8,2,11:03:11.303,1
167,2021-01-08,8932,18.8,2,11:03:12.673,1
168,2021-01-08,8932,18.8,2,11:03:18.758,1
169,2021-01-08,8932,18.8,2,11:03:26.019,1
170,2021-01-08,8932,18.8,3,11:03:29.492,1
171,2021-01-08,8932,18.8,2,11:03:33.433,1
172,2021-01-08,8932,18.8,3,11:03:35.414,1
173,2021-01-08,8932,18.8,1,11:03:38.933,1
174,2021-01-08,8932,18.8,2,11:03:42.427,0
175,2021-01-08,8932,18.8,1,11:05:00.260,2
176,2021-01-08,8932,18.8,34,11:05:02.404,1
177,2021-01-08,8932,18.8,2,11:05:06.502,1
178,2021-01-08,8932,18.8,2,11:05:08.899,1
179,2021-01-08,8932,18.8,5,11:05:22.038,1
180,2021-01-08,8932,18.8,2,11:05:22.893,1
181,2021-01-08,8932,18.8,2,11:05:42.204,1
182,2021-01-08,8932,18.8,2,11:05:43.225,1
183,2021-01-08,8932,18.8,2,11:06:05.407,1
184,2021-01-08,8932,18.8,2,11:06:05.760,1
185,2021-01-08,8932,18.8,2,11:06:07.133,1
186,2021-01-08,8932,18.8,2,11:06:14.580,1
187,2021-01-08,8932,18.8,2,11:06:23.436,1
188,2021-01-08,8932,18.8,2,11:06:34.321,1
189,2021-01-08,8932,18.8,2,11:06:45.168,1
190,2021-01-08,8932,18.8,2,11:06:47.456,1
191,2021-01-08,8932,18.8,2,11:06:49.992,1
192,2021-01-08,8932,18.8,16,11:07:17.891,2
193,2021-01-08,8932,18.85,2,11:07:48.480,1
194,2021-01-08,8932,18.85,1,11:07:52.379,1
195,2021-01-08,8932,18.85,2,11:08:10.583,0
196,2021-01-08,8932,18.85,2,11:10:03.051,1
197,2021-01-08,8932,18.85,1,11:10:15.015,1
198,2021-01-08,8932,18.8,5,11:13:28.668,2
199,2021-01-08,8932,18.8,6,11:13:48.859,2
200,2021-01-08,8932,18.85,2,11:14:29.430,1
201,2021-01-08,8932,18.85,1,11:17:24.013,1
202,2021-01-08,8932,18.85,5,11:17:32.196,1
203,2021-01-08,8932,18.85,1,11:18:03.897,1
204,2021-01-08,8932,18.85,6,11:18:11.666,0
205,2021-01-08,8932,18.8,2,11:18:45.900,2
206,2021-01-08,8932,18.9,10,11:22:49.440,1
207,2021-01-08,8932,18.9,5,11:22:54.762,1
208,2021-01-08,8932,18.9,5,11:22:57.955,1
209,2021-01-08,8932,18.9,3,11:23:08.258,0
210,2021-01-08,8932,19.0,1,11:25:22.297,1
211,2021-01-08,8932,19.0,10,11:25:51.747,1
212,2021-01-08,8932,19.0,3,11:25:59.370,1
213,2021-01-08,8932,19.0,20,11:26:19.333,0
214,2021-01-08,8932,19.0,3,11:26:44.457,1
215,2021-01-08,8932,19.0,1,11:27:00.310,1
216,2021-01-08,8932,19.0,2,11:27:18.122,1
217,2021-01-08,8932,19.0,3,11:27:36.377,1
218,2021-01-08,8932,19.0,2,11:29:56.973,1
219,2021-01-08,8932,19.0,2,11:31:42.640,1
220,2021-01-08,8932,18.95,3,11:32:03.561,2
221,2021-01-08,8932,19.0,1,11:34:29.792,1
222,2021-01-08,8932,19.0,20,11:38:48.199,1
223,2021-01-08,8932,19.0,1,11:39:09.295,1
224,2021-01-08,8932,19.0,10,11:39:11.174,1
225,2021-01-08,8932,19.0,2,11:39:14.229,1
226,2021-01-08,8932,19.0,1,11:39:14.514,0
227,2021-01-08,8932,19.0,2,11:46:15.088,0
228,2021-01-08,8932,19.0,2,11:47:43.326,2
229,2021-01-08,8932,19.0,2,11:51:04.047,2
230,2021-01-08,8932,19.0,3,11:55:46.221,2
231,2021-01-08,8932,19.0,6,11:55:57.997,2
232,2021-01-08,8932,19.0,4,11:56:24.080,1
233,2021-01-08,8932,18.95,3,11:59:01.256,2
234,2021-01-08,8932,18.95,1,12:01:17.647,2
235,2021-01-08,8932,18.95,1,12:03:50.629,0
236,2021-01-08,8932,18.95,1,12:08:02.960,0
237,2021-01-08,8932,18.9,12,12:08:17.037,2
238,2021-01-08,8932,18.85,16,12:08:52.347,2
239,2021-01-08,8932,18.85,1,12:09:12.244,2
240,2021-01-08,8932,18.85,12,12:10:03.982,0
241,2021-01-08,8932,18.8,8,12:10:14.741,2
242,2021-01-08,8932,18.85,2,12:13:17.481,2
243,2021-01-08,8932,18.85,8,12:14:16.820,1
